@ARTICLE{AbbottAbbott2016,
   author = {{Abbott}, B.~P. and {Abbott}, R. and {Abbott}, T.~D. and {Abernathy}, M.~R. and 
	{Acernese}, F. and {Ackley}, K. and {Adams}, C. and {Adams}, T. and 
	{Addesso}, P. and {Adhikari}, R.~X. and et al.},
    title = "{Binary Black Hole Mergers in the First Advanced LIGO Observing Run}",
  journal = {Physical Review X},
archivePrefix = "arXiv",
   eprint = {1606.04856},
 primaryClass = "gr-qc",
     year = 2016,
    month = oct,
   volume = 6,
   number = 4,
      eid = {041015},
    pages = {041015},
      doi = {10.1103/PhysRevX.6.041015},
   adsurl = {http://adsabs.harvard.edu/abs/2016PhRvX...6d1015A},
  adsnote = {Provided by the SAO/NASA Astrophysics Data System}
}
@ARTICLE{Abazajian2009,
   author = {{Abazajian}, K.~N. and {Adelman-McCarthy}, J.~K. and {Ag{\"u}eros}, M.~A. and
	{Allam}, S.~S. and {Allende Prieto}, C. and {An}, D. and {Anderson}, K.~S.~J. and
	{Anderson}, S.~F. and {Annis}, J. and {Bahcall}, N.~A. and et al.},
    title = "{The Seventh Data Release of the Sloan Digital Sky Survey}",
  journal = {\apjs},
archivePrefix = "arXiv",
   eprint = {0812.0649},
 keywords = {atlases, catalogs, surveys},
     year = 2009,
    month = jun,
   volume = 182,
      eid = {543},
    pages = {543-558},
      doi = {10.1088/0067-0049/182/2/543},
   adsurl = {http://adsabs.harvard.edu/abs/2009ApJS..182..543A},
  adsnote = {Provided by the SAO/NASA Astrophysics Data System}
}

@ARTICLE{Adelman2008,
   author = {{Adelman-McCarthy}, J.~K. and {Ag{\"u}eros}, M.~A. and {Allam}, S.~S. and
	{Allende Prieto}, C. and {Anderson}, K.~S.~J. and {Anderson}, S.~F. and
	{Annis}, J. and {Bahcall}, N.~A. and {Bailer-Jones}, C.~A.~L. and
	{Baldry}, I.~K. and {Barentine}, J.~C. and {Bassett}, B.~A. and
	{Becker}, A.~C. and {Beers}, T.~C. and {Bell}, E.~F. and {Berlind}, A.~A. and
	{Bernardi}, M. and {Blanton}, M.~R. and {Bochanski}, J.~J. and
	{Boroski}, W.~N. and {Brinchmann}, J. and {Brinkmann}, J. and
	{Brunner}, R.~J. and {Budav{\'a}ri}, T. and {Carliles}, S. and
	{Carr}, M.~A. and {Castander}, F.~J. and {Cinabro}, D. and {Cool}, R.~J. and
	{Covey}, K.~R. and {Csabai}, I. and {Cunha}, C.~E. and {Davenport}, J.~R.~A. and
	{Dilday}, B. and {Doi}, M. and {Eisenstein}, D.~J. and {Evans}, M.~L. and
	{Fan}, X. and {Finkbeiner}, D.~P. and {Friedman}, S.~D. and
	{Frieman}, J.~A. and {Fukugita}, M. and {G{\"a}nsicke}, B.~T. and
	{Gates}, E. and {Gillespie}, B. and {Glazebrook}, K. and {Gray}, J. and
	{Grebel}, E.~K. and {Gunn}, J.~E. and {Gurbani}, V.~K. and {Hall}, P.~B. and
	{Harding}, P. and {Harvanek}, M. and {Hawley}, S.~L. and {Hayes}, J. and
	{Heckman}, T.~M. and {Hendry}, J.~S. and {Hindsley}, R.~B. and
	{Hirata}, C.~M. and {Hogan}, C.~J. and {Hogg}, D.~W. and {Hyde}, J.~B. and
	{Ichikawa}, S.-i. and {Ivezi{\'c}}, {\v Z}. and {Jester}, S. and
	{Johnson}, J.~A. and {Jorgensen}, A.~M. and {Juri{\'c}}, M. and
	{Kent}, S.~M. and {Kessler}, R. and {Kleinman}, S.~J. and {Knapp}, G.~R. and
	{Kron}, R.~G. and {Krzesinski}, J. and {Kuropatkin}, N. and
	{Lamb}, D.~Q. and {Lampeitl}, H. and {Lebedeva}, S. and {Lee}, Y.~S. and
	{Leger}, R.~F. and {L{\'e}pine}, S. and {Lima}, M. and {Lin}, H. and
	{Long}, D.~C. and {Loomis}, C.~P. and {Loveday}, J. and {Lupton}, R.~H. and
	{Malanushenko}, O. and {Malanushenko}, V. and {Mandelbaum}, R. and
	{Margon}, B. and {Marriner}, J.~P. and {Mart{\'{\i}}nez-Delgado}, D. and
	{Matsubara}, T. and {McGehee}, P.~M. and {McKay}, T.~A. and
	{Meiksin}, A. and {Morrison}, H.~L. and {Munn}, J.~A. and {Nakajima}, R. and
	{Neilsen}, Jr., E.~H. and {Newberg}, H.~J. and {Nichol}, R.~C. and
	{Nicinski}, T. and {Nieto-Santisteban}, M. and {Nitta}, A. and
	{Okamura}, S. and {Owen}, R. and {Oyaizu}, H. and {Padmanabhan}, N. and
	{Pan}, K. and {Park}, C. and {Peoples}, Jr., J. and {Pier}, J.~R. and
	{Pope}, A.~C. and {Purger}, N. and {Raddick}, M.~J. and {Re Fiorentin}, P. and
	{Richards}, G.~T. and {Richmond}, M.~W. and {Riess}, A.~G. and
	{Rix}, H.-W. and {Rockosi}, C.~M. and {Sako}, M. and {Schlegel}, D.~J. and
	{Schneider}, D.~P. and {Schreiber}, M.~R. and {Schwope}, A.~D. and
	{Seljak}, U. and {Sesar}, B. and {Sheldon}, E. and {Shimasaku}, K. and
	{Sivarani}, T. and {Smith}, J.~A. and {Snedden}, S.~A. and {Steinmetz}, M. and
	{Strauss}, M.~A. and {SubbaRao}, M. and {Suto}, Y. and {Szalay}, A.~S. and
	{Szapudi}, I. and {Szkody}, P. and {Tegmark}, M. and {Thakar}, A.~R. and
	{Tremonti}, C.~A. and {Tucker}, D.~L. and {Uomoto}, A. and {Vanden Berk}, D.~E. and
	{Vandenberg}, J. and {Vidrih}, S. and {Vogeley}, M.~S. and {Voges}, W. and
	{Vogt}, N.~P. and {Wadadekar}, Y. and {Weinberg}, D.~H. and
	{West}, A.~A. and {White}, S.~D.~M. and {Wilhite}, B.~C. and
	{Yanny}, B. and {Yocum}, D.~R. and {York}, D.~G. and {Zehavi}, I. and
	{Zucker}, D.~B.},
    title = "{The Sixth Data Release of the Sloan Digital Sky Survey}",
  journal = {\apjs},
archivePrefix = "arXiv",
   eprint = {0707.3413},
 keywords = {Atlases, Catalogs, Surveys},
     year = 2008,
    month = apr,
   volume = 175,
    pages = {297-313},
      doi = {10.1086/524984},
   adsurl = {http://adsabs.harvard.edu/abs/2008ApJS..175..297A},
  adsnote = {Provided by the SAO/NASA Astrophysics Data System}
}

@ARTICLE{AhnAlexandroff2014,
   author = {{Ahn}, C.~P. and {Alexandroff}, R. and {Allende Prieto}, C. and
	{Anders}, F. and {Anderson}, S.~F. and {Anderton}, T. and {Andrews}, B.~H. and
	{Aubourg}, {\'E}. and {Bailey}, S. and {Bastien}, F.~A. and et al.},
    title = "{The Tenth Data Release of the Sloan Digital Sky Survey: First Spectroscopic Data from the SDSS-III Apache Point Observatory Galactic Evolution Experiment}",
  journal = {\apjs},
archivePrefix = "arXiv",
   eprint = {1307.7735},
 primaryClass = "astro-ph.IM",
 keywords = {atlases, catalogs, surveys},
     year = 2014,
    month = apr,
   volume = 211,
      eid = {17},
    pages = {17},
      doi = {10.1088/0067-0049/211/2/17},
   adsurl = {http://adsabs.harvard.edu/abs/2014ApJS..211...17A},
  adsnote = {Provided by the SAO/NASA Astrophysics Data System}
}

@ARTICLE{AhnAlexandroff2012,
   author = {{Ahn}, C.~P. and {Alexandroff}, R. and {Allende Prieto}, C. and
	{Anderson}, S.~F. and {Anderton}, T. and {Andrews}, B.~H. and
	{Aubourg}, {\'E}. and {Bailey}, S. and {Balbinot}, E. and {Barnes}, R. and et al.},
    title = "{The Ninth Data Release of the Sloan Digital Sky Survey: First Spectroscopic Data from the SDSS-III Baryon Oscillation Spectroscopic Survey}",
  journal = {\apjs},
archivePrefix = "arXiv",
   eprint = {1207.7137},
 primaryClass = "astro-ph.IM",
 keywords = {atlases, catalogs, surveys },
     year = 2012,
    month = dec,
   volume = 203,
      eid = {21},
    pages = {21},
      doi = {10.1088/0067-0049/203/2/21},
   adsurl = {http://adsabs.harvard.edu/abs/2012ApJS..203...21A},
  adsnote = {Provided by the SAO/NASA Astrophysics Data System}
}

@ARTICLE{AlamAta2016,
   author = {{Alam}, S. and {Ata}, M. and {Bailey}, S. and {Beutler}, F. and 
	{Bizyaev}, D. and {Blazek}, J.~A. and {Bolton}, A.~S. and {Brownstein}, J.~R. and 
	{Burden}, A. and {Chuang}, C.-H. and {Comparat}, J. and {Cuesta}, A.~J. and 
	{Dawson}, K.~S. and {Eisenstein}, D.~J. and {Escoffier}, S. and 
	{Gil-Mar{\'{\i}}n}, H. and {Grieb}, J.~N. and {Hand}, N. and 
	{Ho}, S. and {Kinemuchi}, K. and {Kirkby}, D. and {Kitaura}, F. and 
	{Malanushenko}, E. and {Malanushenko}, V. and {Maraston}, C. and 
	{McBride}, C.~K. and {Nichol}, R.~C. and {Olmstead}, M.~D. and 
	{Oravetz}, D. and {Padmanabhan}, N. and {Palanque-Delabrouille}, N. and 
	{Pan}, K. and {Pellejero-Ibanez}, M. and {Percival}, W.~J. and 
	{Petitjean}, P. and {Prada}, F. and {Price-Whelan}, A.~M. and 
	{Reid}, B.~A. and {Rodr{\'{\i}}guez-Torres}, S.~A. and {Roe}, N.~A. and 
	{Ross}, A.~J. and {Ross}, N.~P. and {Rossi}, G. and {Rubi{\~n}o-Mart{\'{\i}}n}, J.~A. and 
	{S{\'a}nchez}, A.~G. and {Saito}, S. and {Salazar-Albornoz}, S. and 
	{Samushia}, L. and {Satpathy}, S. and {Sc{\'o}ccola}, C.~G. and 
	{Schlegel}, D.~J. and {Schneider}, D.~P. and {Seo}, H.-J. and 
	{Simmons}, A. and {Slosar}, A. and {Strauss}, M.~A. and {Swanson}, M.~E.~C. and 
	{Thomas}, D. and {Tinker}, J.~L. and {Tojeiro}, R. and {Vargas Maga{\~n}a}, M. and 
	{Vazquez}, J.~A. and {Verde}, L. and {Wake}, D.~A. and {Wang}, Y. and 
	{Weinberg}, D.~H. and {White}, M. and {Wood-Vasey}, W.~M. and 
	{Y{\`e}che}, C. and {Zehavi}, I. and {Zhai}, Z. and {Zhao}, G.-B.
	},
    title = "{The clustering of galaxies in the completed SDSS-III Baryon Oscillation Spectroscopic Survey: cosmological analysis of the DR12 galaxy sample}",
  journal = {ArXiv e-prints},
archivePrefix = "arXiv",
   eprint = {1607.03155},
 keywords = {Astrophysics - Cosmology and Nongalactic Astrophysics},
     year = 2016,
    month = jul,
   adsurl = {http://adsabs.harvard.edu/abs/2016arXiv160703155A},
  adsnote = {Provided by the SAO/NASA Astrophysics Data System}
}

@ARTICLE{AlbrechtBernstein2006,
   author = {{Albrecht}, A. and {Bernstein}, G. and {Cahn}, R. and {Freedman}, W.~L. and
	{Hewitt}, J. and {Hu}, W. and {Huth}, J. and {Kamionkowski}, M. and
	{Kolb}, E.~W. and {Knox}, L. and {Mather}, J.~C. and {Staggs}, S. and
	{Suntzeff}, N.~B.},
    title = "{Report of the Dark Energy Task Force}",
  journal = {ArXiv Astrophysics e-prints},
   eprint = {astro-ph/0609591},
 keywords = {Astrophysics},
     year = 2006,
    month = sep,
   adsurl = {http://adsabs.harvard.edu/abs/2006astro.ph..9591A},
  adsnote = {Provided by the SAO/NASA Astrophysics Data System}
}

@ARTICLE{AlcockPaczynski1979,
   author = {{Alcock}, C. and {Paczynski}, B.},
    title = "{An evolution free test for non-zero cosmological constant}",
  journal = {\nat},
     year = 1979,
    month = oct,
   volume = 281,
    pages = {358},
      doi = {10.1038/281358a0},
   adsurl = {http://adsabs.harvard.edu/abs/1979Natur.281..358A},
  adsnote = {Provided by the SAO/NASA Astrophysics Data System}
}


@ARTICLE{AndersonAubourg2012,
   author = {{Anderson}, L. and {Aubourg}, E. and {Bailey}, S. and {Bizyaev}, D. and
	{Blanton}, M. and {Bolton}, A.~S. and {Brinkmann}, J. and {Brownstein}, J.~R. and
	{Burden}, A. and {Cuesta}, A.~J. and {da Costa}, L.~A.~N. and
	{Dawson}, K.~S. and {de Putter}, R. and {Eisenstein}, D.~J. and
	{Gunn}, J.~E. and {Guo}, H. and {Hamilton}, J.-C. and {Harding}, P. and
	{Ho}, S. and {Honscheid}, K. and {Kazin}, E. and {Kirkby}, D. and
	{Kneib}, J.-P. and {Labatie}, A. and {Loomis}, C. and {Lupton}, R.~H. and
	{Malanushenko}, E. and {Malanushenko}, V. and {Mandelbaum}, R. and
	{Manera}, M. and {Maraston}, C. and {McBride}, C.~K. and {Mehta}, K.~T. and
	{Mena}, O. and {Montesano}, F. and {Muna}, D. and {Nichol}, R.~C. and
	{Nuza}, S.~E. and {Olmstead}, M.~D. and {Oravetz}, D. and {Padmanabhan}, N. and
	{Palanque-Delabrouille}, N. and {Pan}, K. and {Parejko}, J. and
	{P{\^a}ris}, I. and {Percival}, W.~J. and {Petitjean}, P. and
	{Prada}, F. and {Reid}, B. and {Roe}, N.~A. and {Ross}, A.~J. and
	{Ross}, N.~P. and {Samushia}, L. and {S{\'a}nchez}, A.~G. and
	{Schlegel}, D.~J. and {Schneider}, D.~P. and {Sc{\'o}ccola}, C.~G. and
	{Seo}, H.-J. and {Sheldon}, E.~S. and {Simmons}, A. and {Skibba}, R.~A. and
	{Strauss}, M.~A. and {Swanson}, M.~E.~C. and {Thomas}, D. and
	{Tinker}, J.~L. and {Tojeiro}, R. and {Maga{\~n}a}, M.~V. and
	{Verde}, L. and {Wagner}, C. and {Wake}, D.~A. and {Weaver}, B.~A. and
	{Weinberg}, D.~H. and {White}, M. and {Xu}, X. and {Y{\`e}che}, C. and
	{Zehavi}, I. and {Zhao}, G.-B.},
    title = "{The clustering of galaxies in the SDSS-III Baryon Oscillation Spectroscopic Survey: baryon acoustic oscillations in the Data Release 9 spectroscopic galaxy sample}",
  journal = {\mnras},
archivePrefix = "arXiv",
   eprint = {1203.6594},
 keywords = {cosmological parameters, cosmology: observations, dark energy, distance scale, large-scale structure of Universe},
     year = 2012,
    month = dec,
   volume = 427,
    pages = {3435-3467},
      doi = {10.1111/j.1365-2966.2012.22066.x},
   adsurl = {http://adsabs.harvard.edu/abs/2012MNRAS.427.3435A},
  adsnote = {Provided by the SAO/NASA Astrophysics Data System}
}

@ARTICLE{AndersonAubourg2014,
   author = {{Anderson}, L. and {Aubourg}, E. and {Bailey}, S. and {Beutler}, F. and 
	{Bolton}, A.~S. and {Brinkmann}, J. and {Brownstein}, J.~R. and 
	{Chuang}, C.-H. and {Cuesta}, A.~J. and {Dawson}, K.~S. and 
	{Eisenstein}, D.~J. and {Ho}, S. and {Honscheid}, K. and {Kazin}, E.~A. and 
	{Kirkby}, D. and {Manera}, M. and {McBride}, C.~K. and {Mena}, O. and 
	{Nichol}, R.~C. and {Olmstead}, M.~D. and {Padmanabhan}, N. and 
	{Palanque-Delabrouille}, N. and {Percival}, W.~J. and {Prada}, F. and 
	{Ross}, A.~J. and {Ross}, N.~P. and {S{\'a}nchez}, A.~G. and 
	{Samushia}, L. and {Schlegel}, D.~J. and {Schneider}, D.~P. and 
	{Seo}, H.-J. and {Strauss}, M.~A. and {Thomas}, D. and {Tinker}, J.~L. and 
	{Tojeiro}, R. and {Verde}, L. and {Wake}, D. and {Weinberg}, D.~H. and 
	{Xu}, X. and {Yeche}, C.},
    title = "{The clustering of galaxies in the SDSS-III Baryon Oscillation Spectroscopic Survey: measuring D$_{A}$ and H at z = 0.57 from the baryon acoustic peak in the Data Release 9 spectroscopic Galaxy sample}",
  journal = {\mnras},
archivePrefix = "arXiv",
   eprint = {1303.4666},
 primaryClass = "astro-ph.CO",
 keywords = {cosmological parameters, cosmology: observations, dark energy, distance scale, large scale structure of Universe},
     year = 2014,
    month = mar,
   volume = 439,
    pages = {83-101},
      doi = {10.1093/mnras/stt2206},
   adsurl = {http://adsabs.harvard.edu/abs/2014MNRAS.439...83A},
  adsnote = {Provided by the SAO/NASA Astrophysics Data System}
}

@ARTICLE{AndersonAubourg2014DR11,
   author = {{Anderson}, L. and {Aubourg}, {\'E}. and {Bailey}, S. and {Beutler}, F. and 
	{Bhardwaj}, V. and {Blanton}, M. and {Bolton}, A.~S. and {Brinkmann}, J. and 
	{Brownstein}, J.~R. and {Burden}, A. and {Chuang}, C.-H. and 
	{Cuesta}, A.~J. and {Dawson}, K.~S. and {Eisenstein}, D.~J. and 
	{Escoffier}, S. and {Gunn}, J.~E. and {Guo}, H. and {Ho}, S. and 
	{Honscheid}, K. and {Howlett}, C. and {Kirkby}, D. and {Lupton}, R.~H. and 
	{Manera}, M. and {Maraston}, C. and {McBride}, C.~K. and {Mena}, O. and 
	{Montesano}, F. and {Nichol}, R.~C. and {Nuza}, S.~E. and {Olmstead}, M.~D. and 
	{Padmanabhan}, N. and {Palanque-Delabrouille}, N. and {Parejko}, J. and 
	{Percival}, W.~J. and {Petitjean}, P. and {Prada}, F. and {Price-Whelan}, A.~M. and 
	{Reid}, B. and {Roe}, N.~A. and {Ross}, A.~J. and {Ross}, N.~P. and 
	{Sabiu}, C.~G. and {Saito}, S. and {Samushia}, L. and {S{\'a}nchez}, A.~G. and 
	{Schlegel}, D.~J. and {Schneider}, D.~P. and {Scoccola}, C.~G. and 
	{Seo}, H.-J. and {Skibba}, R.~A. and {Strauss}, M.~A. and {Swanson}, M.~E.~C. and 
	{Thomas}, D. and {Tinker}, J.~L. and {Tojeiro}, R. and {Maga{\~n}a}, M.~V. and 
	{Verde}, L. and {Wake}, D.~A. and {Weaver}, B.~A. and {Weinberg}, D.~H. and 
	{White}, M. and {Xu}, X. and {Y{\`e}che}, C. and {Zehavi}, I. and 
	{Zhao}, G.-B.},
    title = "{The clustering of galaxies in the SDSS-III Baryon Oscillation Spectroscopic Survey: baryon acoustic oscillations in the Data Releases 10 and 11 Galaxy samples}",
  journal = {\mnras},
archivePrefix = "arXiv",
   eprint = {1312.4877},
 keywords = {cosmological parameters, cosmology: observations, dark energy, distance scale, large-scale structure of Universe},
     year = 2014,
    month = jun,
   volume = 441,
    pages = {24-62},
      doi = {10.1093/mnras/stu523},
   adsurl = {http://adsabs.harvard.edu/abs/2014MNRAS.441...24A},
  adsnote = {Provided by the SAO/NASA Astrophysics Data System}
}


@ARTICLE{AnguloBaugh2008,
   author = {{Angulo}, R.~E. and {Baugh}, C.~M. and {Frenk}, C.~S. and {Lacey}, C.~G.
	},
    title = "{The detectability of baryonic acoustic oscillations in future galaxy surveys}",
  journal = {\mnras},
   eprint = {astro-ph/0702543},
 keywords = {methods: N-body simulations , cosmology: theory , large-scale structure of Universe},
     year = 2008,
    month = jan,
   volume = 383,
    pages = {755-776},
      doi = {10.1111/j.1365-2966.2007.12587.x},
   adsurl = {http://adsabs.harvard.edu/abs/2008MNRAS.383..755A},
  adsnote = {Provided by the SAO/NASA Astrophysics Data System}
}


@ARTICLE{baldry2014galaxy,
   author = {{Baldry}, I.~K. and {Alpaslan}, M. and {Bauer}, A.~E. and {Bland-Hawthorn}, J. and 
	{Brough}, S. and {Cluver}, M.~E. and {Croom}, S.~M. and {Davies}, L.~J.~M. and 
	{Driver}, S.~P. and {Gunawardhana}, M.~L.~P. and {Holwerda}, B.~W. and 
	{Hopkins}, A.~M. and {Kelvin}, L.~S. and {Liske}, J. and {L{\'o}pez-S{\'a}nchez}, {\'A}.~R. and 
	{Loveday}, J. and {Norberg}, P. and {Peacock}, J. and {Robotham}, A.~S.~G. and 
	{Taylor}, E.~N.},
    title = "{Galaxy And Mass Assembly (GAMA): AUTOZ spectral redshift measurements, confidence and errors}",
  journal = {\mnras},
archivePrefix = "arXiv",
   eprint = {1404.2626},
 primaryClass = "astro-ph.IM",
 keywords = {methods: data analysis, techniques: spectroscopic, surveys},
     year = 2014,
    month = jul,
   volume = 441,
    pages = {2440-2451},
      doi = {10.1093/mnras/stu727},
   adsurl = {http://adsabs.harvard.edu/abs/2014MNRAS.441.2440B},
  adsnote = {Provided by the SAO/NASA Astrophysics Data System}
}


@ARTICLE{BarrigaGaztanaga2002,
   author = {{Barriga}, J. and {Gazta{\~n}aga}, E.},
    title = "{The three-point function in large-scale structure - I. The weakly non-linear regime in N-body simulations}",
  journal = {\mnras},
   eprint = {astro-ph/0112278},
 keywords = {methods: N-body simulations, large-scale structure of Universe},
     year = 2002,
    month = jun,
   volume = 333,
    pages = {443-453},
      doi = {10.1046/j.1365-8711.2002.05431.x},
   adsurl = {http://adsabs.harvard.edu/abs/2002MNRAS.333..443B},
  adsnote = {Provided by the SAO/NASA Astrophysics Data System}
}


@ARTICLE{BashinskyBertschinger2001,
   author = {{Bashinsky}, S. and {Bertschinger}, E.},
    title = "{Position-Space Description of the Cosmic Microwave Background and Its Temperature Correlation Function}",
  journal = {Physical Review Letters},
   eprint = {astro-ph/0012153},
     year = 2001,
    month = aug,
   volume = 87,
   number = 8,
      eid = {081301},
    pages = {081301},
      doi = {10.1103/PhysRevLett.87.081301},
   adsurl = {http://adsabs.harvard.edu/abs/2001PhRvL..87h1301B},
  adsnote = {Provided by the SAO/NASA Astrophysics Data System}
}

@ARTICLE{BashinskyBertschinger2002,
   author = {{Bashinsky}, S. and {Bertschinger}, E.},
    title = "{Dynamics of cosmological perturbations in position space}",
  journal = {\prd},
   eprint = {astro-ph/0202215},
 keywords = {Background radiations, Galaxy groups clusters and superclusters, large scale structure of the Universe, Origin and formation of the Universe},
     year = 2002,
    month = jun,
   volume = 65,
   number = 12,
      eid = {123008},
    pages = {123008},
      doi = {10.1103/PhysRevD.65.123008},
   adsurl = {http://adsabs.harvard.edu/abs/2002PhRvD..65l3008B},
  adsnote = {Provided by the SAO/NASA Astrophysics Data System}
}

@ARTICLE{Benaoum2012,
   author = {{Benaoum}, H.~B.},
    title = "{Modified Chaplygin Gas Cosmology}",
  journal = {ArXiv e-prints},
archivePrefix = "arXiv",
   eprint = {1211.3518},
 primaryClass = "gr-qc",
 keywords = {General Relativity and Quantum Cosmology, Astrophysics - Cosmology and Extragalactic Astrophysics, High Energy Physics - Theory, 98.80.-k, 98.80.Cq, 98.80.Jk, 95.36.+x},
     year = 2012,
    month = nov,
   adsurl = {http://adsabs.harvard.edu/abs/2012arXiv1211.3518B},
  adsnote = {Provided by the SAO/NASA Astrophysics Data System}
}


@ARTICLE{BennettHalpern2003,
   author = {{Bennett}, C.~L. and {Halpern}, M. and {Hinshaw}, G. and {Jarosik}, N. and
	{Kogut}, A. and {Limon}, M. and {Meyer}, S.~S. and {Page}, L. and
	{Spergel}, D.~N. and {Tucker}, G.~S. and {Wollack}, E. and {Wright}, E.~L. and
	{Barnes}, C. and {Greason}, M.~R. and {Hill}, R.~S. and {Komatsu}, E. and
	{Nolta}, M.~R. and {Odegard}, N. and {Peiris}, H.~V. and {Verde}, L. and
	{Weiland}, J.~L.},
    title = "{First-Year Wilkinson Microwave Anisotropy Probe (WMAP) Observations: Preliminary Maps and Basic Results}",
  journal = {\apjs},
   eprint = {astro-ph/0302207},
 keywords = {Cosmology: Cosmic Microwave Background, Cosmology: Observations, Cosmology: Dark Matter, Cosmology: Early Universe, Instrumentation: Detectors, Space Vehicles: Instruments},
     year = 2003,
    month = sep,
   volume = 148,
    pages = {1-27},
      doi = {10.1086/377253},
   adsurl = {http://adsabs.harvard.edu/abs/2003ApJS..148....1B},
  adsnote = {Provided by the SAO/NASA Astrophysics Data System}
}
@ARTICLE{BennettLarson2013,
   author = {{Bennett}, C.~L. and {Larson}, D. and {Weiland}, J.~L. and {Jarosik}, N. and
	{Hinshaw}, G. and {Odegard}, N. and {Smith}, K.~M. and {Hill}, R.~S. and
	{Gold}, B. and {Halpern}, M. and {Komatsu}, E. and {Nolta}, M.~R. and
	{Page}, L. and {Spergel}, D.~N. and {Wollack}, E. and {Dunkley}, J. and
	{Kogut}, A. and {Limon}, M. and {Meyer}, S.~S. and {Tucker}, G.~S. and
	{Wright}, E.~L.},
    title = "{Nine-year Wilkinson Microwave Anisotropy Probe (WMAP) Observations: Final Maps and Results}",
  journal = {\apjs},
archivePrefix = "arXiv",
   eprint = {1212.5225},
 keywords = {cosmic background radiation, cosmology: observations, dark matter, early universe, instrumentation: detectors, space vehicles, space vehicles: instruments, telescopes},
     year = 2013,
    month = oct,
   volume = 208,
      eid = {20},
    pages = {20},
      doi = {10.1088/0067-0049/208/2/20},
   adsurl = {http://adsabs.harvard.edu/abs/2013ApJS..208...20B},
  adsnote = {Provided by the SAO/NASA Astrophysics Data System}
}



@ARTICLE{BentoBertolami2003,
   author = {{Bento}, M.~C. and {Bertolami}, O. and {Sen}, A.~A.},
    title = "{Letter: Generalized Chaplygin Gas Model: Dark Energy-Dark Matter Unification and CMBR Constraints}",
  journal = {General Relativity and Gravitation},
   eprint = {gr-qc/0305086},
     year = 2003,
    month = nov,
   volume = 35,
    pages = {2063-2069},
      doi = {10.1023/A:1026207312105},
   adsurl = {http://adsabs.harvard.edu/abs/2003GReGr..35.2063B},
  adsnote = {Provided by the SAO/NASA Astrophysics Data System}
}

@ARTICLE{BetouleKessler2014,
   author = {{Betoule}, M. and {Kessler}, R. and {Guy}, J. and {Mosher}, J. and
	{Hardin}, D. and {Biswas}, R. and {Astier}, P. and {El-Hage}, P. and
	{Konig}, M. and {Kuhlmann}, S. and {Marriner}, J. and {Pain}, R. and
	{Regnault}, N. and {Balland}, C. and {Bassett}, B.~A. and {Brown}, P.~J. and
	{Campbell}, H. and {Carlberg}, R.~G. and {Cellier-Holzem}, F. and
	{Cinabro}, D. and {Conley}, A. and {D'Andrea}, C.~B. and {DePoy}, D.~L. and
	{Doi}, M. and {Ellis}, R.~S. and {Fabbro}, S. and {Filippenko}, A.~V. and
	{Foley}, R.~J. and {Frieman}, J.~A. and {Fouchez}, D. and {Galbany}, L. and
	{Goobar}, A. and {Gupta}, R.~R. and {Hill}, G.~J. and {Hlozek}, R. and
	{Hogan}, C.~J. and {Hook}, I.~M. and {Howell}, D.~A. and {Jha}, S.~W. and
	{Le Guillou}, L. and {Leloudas}, G. and {Lidman}, C. and {Marshall}, J.~L. and
	{M{\"o}ller}, A. and {Mour{\~a}o}, A.~M. and {Neveu}, J. and
	{Nichol}, R. and {Olmstead}, M.~D. and {Palanque-Delabrouille}, N. and
	{Perlmutter}, S. and {Prieto}, J.~L. and {Pritchet}, C.~J. and
	{Richmond}, M. and {Riess}, A.~G. and {Ruhlmann-Kleider}, V. and
	{Sako}, M. and {Schahmaneche}, K. and {Schneider}, D.~P. and
	{Smith}, M. and {Sollerman}, J. and {Sullivan}, M. and {Walton}, N.~A. and
	{Wheeler}, C.~J.},
    title = "{Improved cosmological constraints from a joint analysis of the SDSS-II and SNLS supernova samples}",
  journal = {\aap},
archivePrefix = "arXiv",
   eprint = {1401.4064},
 keywords = {cosmology: observations, distance scale, dark energy},
     year = 2014,
    month = aug,
   volume = 568,
      eid = {A22},
    pages = {A22},
      doi = {10.1051/0004-6361/201423413},
   adsurl = {http://adsabs.harvard.edu/abs/2014A%26A...568A..22B},
  adsnote = {Provided by the SAO/NASA Astrophysics Data System}
}


@ARTICLE{BeutlerBlake2011,
   author = {{Beutler}, F. and {Blake}, C. and {Colless}, M. and {Jones}, D.~H. and
	{Staveley-Smith}, L. and {Campbell}, L. and {Parker}, Q. and
	{Saunders}, W. and {Watson}, F.},
    title = "{The 6dF Galaxy Survey: baryon acoustic oscillations and the local Hubble constant}",
  journal = {\mnras},
archivePrefix = "arXiv",
   eprint = {1106.3366},
 keywords = {surveys, cosmology: observations, dark energy, distance scale, large-scale structure of Universe},
     year = 2011,
    month = oct,
   volume = 416,
    pages = {3017-3032},
      doi = {10.1111/j.1365-2966.2011.19250.x},
   adsurl = {http://adsabs.harvard.edu/abs/2011MNRAS.416.3017B},
  adsnote = {Provided by the SAO/NASA Astrophysics Data System}
}

@ARTICLE{BeutlerBlakeKoda2016,
   author = {{Beutler}, F. and {Blake}, C. and {Koda}, J. and {Mar{\'{\i}}n}, F.~A. and 
	{Seo}, H.-J. and {Cuesta}, A.~J. and {Schneider}, D.~P.},
    title = "{The BOSS-WiggleZ overlap region - I. Baryon acoustic oscillations}",
  journal = {\mnras},
archivePrefix = "arXiv",
   eprint = {1506.03900},
 keywords = {surveys, cosmology: observations, dark energy, distance scale, large-scale structure of Universe},
     year = 2016,
    month = jan,
   volume = 455,
    pages = {3230-3248},
      doi = {10.1093/mnras/stv1943},
   adsurl = {http://adsabs.harvard.edu/abs/2016MNRAS.455.3230B},
  adsnote = {Provided by the SAO/NASA Astrophysics Data System}
}


@ARTICLE{BlakeBroughColless2011,
   author = {{Blake}, C. and {Brough}, S. and {Colless}, M. and {Contreras}, C. and
	{Couch}, W. and {Croom}, S. and {Davis}, T. and {Drinkwater}, M.~J. and
	{Forster}, K. and {Gilbank}, D. and {Gladders}, M. and {Glazebrook}, K. and
	{Jelliffe}, B. and {Jurek}, R.~J. and {Li}, I.-H. and {Madore}, B. and
	{Martin}, D.~C. and {Pimbblet}, K. and {Poole}, G.~B. and {Pracy}, M. and
	{Sharp}, R. and {Wisnioski}, E. and {Woods}, D. and {Wyder}, T.~K. and
	{Yee}, H.~K.~C.},
    title = "{The WiggleZ Dark Energy Survey: the growth rate of cosmic structure since redshift z=0.9}",
  journal = {\mnras},
archivePrefix = "arXiv",
   eprint = {1104.2948},
 keywords = {surveys, cosmological parameters, large-scale structure of Universe},
     year = 2011,
    month = aug,
   volume = 415,
    pages = {2876-2891},
      doi = {10.1111/j.1365-2966.2011.18903.x},
   adsurl = {http://adsabs.harvard.edu/abs/2011MNRAS.415.2876B},
  adsnote = {Provided by the SAO/NASA Astrophysics Data System}
}

@ARTICLE{BlakeBroughColless2012,
   author = {{Blake}, C. and {Brough}, S. and {Colless}, M. and {Contreras}, C. and 
	{Couch}, W. and {Croom}, S. and {Croton}, D. and {Davis}, T.~M. and 
	{Drinkwater}, M.~J. and {Forster}, K. and {Gilbank}, D. and 
	{Gladders}, M. and {Glazebrook}, K. and {Jelliffe}, B. and {Jurek}, R.~J. and 
	{Li}, I.-h. and {Madore}, B. and {Martin}, D.~C. and {Pimbblet}, K. and 
	{Poole}, G.~B. and {Pracy}, M. and {Sharp}, R. and {Wisnioski}, E. and 
	{Woods}, D. and {Wyder}, T.~K. and {Yee}, H.~K.~C.},
    title = "{The WiggleZ Dark Energy Survey: joint measurements of the expansion and growth history at z {\lt} 1}",
  journal = {\mnras},
archivePrefix = "arXiv",
   eprint = {1204.3674},
 keywords = {surveys, distance scale, large-scale structure of Universe },
     year = 2012,
    month = sep,
   volume = 425,
    pages = {405-414},
      doi = {10.1111/j.1365-2966.2012.21473.x},
   adsurl = {http://adsabs.harvard.edu/abs/2012MNRAS.425..405B},
  adsnote = {Provided by the SAO/NASA Astrophysics Data System}
}


@ARTICLE{BlakeBrough2010,
   author = {{Blake}, C. and {Brough}, S. and {Colless}, M. and {Couch}, W. and
	{Croom}, S. and {Davis}, T. and {Drinkwater}, M.~J. and {Forster}, K. and
	{Glazebrook}, K. and {Jelliffe}, B. and {Jurek}, R.~J. and {Li}, I.-H. and
	{Madore}, B. and {Martin}, C. and {Pimbblet}, K. and {Poole}, G.~B. and
	{Pracy}, M. and {Sharp}, R. and {Wisnioski}, E. and {Woods}, D. and
	{Wyder}, T.},
    title = "{The WiggleZ Dark Energy Survey: the selection function and z = 0.6 galaxy power spectrum}",
  journal = {\mnras},
archivePrefix = "arXiv",
   eprint = {1003.5721},
 keywords = {surveys, cosmological parameters, large-scale structure of Universe},
     year = 2010,
    month = aug,
   volume = 406,
    pages = {803-821},
      doi = {10.1111/j.1365-2966.2010.16747.x},
   adsurl = {http://adsabs.harvard.edu/abs/2010MNRAS.406..803B},
  adsnote = {Provided by the SAO/NASA Astrophysics Data System}
}


@ARTICLE{BlakeCollister2007,
   author = {{Blake}, C. and {Collister}, A. and {Bridle}, S. and {Lahav}, O.
	},
    title = "{Cosmological baryonic and matter densities from 600000 SDSS luminous red galaxies with photometric redshifts}",
  journal = {\mnras},
   eprint = {astro-ph/0605303},
 keywords = {surveys, cosmological parameters, large-scale structure of Universe},
     year = 2007,
    month = feb,
   volume = 374,
    pages = {1527-1548},
      doi = {10.1111/j.1365-2966.2006.11263.x},
   adsurl = {http://adsabs.harvard.edu/abs/2007MNRAS.374.1527B},
  adsnote = {Provided by the SAO/NASA Astrophysics Data System}
}

@ARTICLE{BlakeDavis2011,
   author = {{Blake}, C. and {Davis}, T. and {Poole}, G.~B. and {Parkinson}, D. and
	{Brough}, S. and {Colless}, M. and {Contreras}, C. and {Couch}, W. and
	{Croom}, S. and {Drinkwater}, M.~J. and {Forster}, K. and {Gilbank}, D. and
	{Gladders}, M. and {Glazebrook}, K. and {Jelliffe}, B. and {Jurek}, R.~J. and
	{Li}, I.-H. and {Madore}, B. and {Martin}, D.~C. and {Pimbblet}, K. and
	{Pracy}, M. and {Sharp}, R. and {Wisnioski}, E. and {Woods}, D. and
	{Wyder}, T.~K. and {Yee}, H.~K.~C.},
    title = "{The WiggleZ Dark Energy Survey: testing the cosmological model with baryon acoustic oscillations at z= 0.6}",
  journal = {\mnras},
archivePrefix = "arXiv",
   eprint = {1105.2862},
 keywords = {surveys, cosmological parameters, dark energy, large-scale structure of Universe},
     year = 2011,
    month = aug,
   volume = 415,
    pages = {2892-2909},
      doi = {10.1111/j.1365-2966.2011.19077.x},
   adsurl = {http://adsabs.harvard.edu/abs/2011MNRAS.415.2892B},
  adsnote = {Provided by the SAO/NASA Astrophysics Data System}
}


@ARTICLE{BlakeGlazebrook2003,
   author = {{Blake}, C. and {Glazebrook}, K.},
    title = "{Probing Dark Energy Using Baryonic Oscillations in the Galaxy Power Spectrum as a Cosmological Ruler}",
  journal = {\apj},
   eprint = {astro-ph/0301632},
 keywords = {Cosmology: Cosmological Parameters, Cosmology: Large-Scale Structure of Universe, Surveys},
     year = 2003,
    month = sep,
   volume = 594,
    pages = {665-673},
      doi = {10.1086/376983},
   adsurl = {http://adsabs.harvard.edu/abs/2003ApJ...594..665B},
  adsnote = {Provided by the SAO/NASA Astrophysics Data System}
}

@ARTICLE{BlakeGlazebrook2011,
   author = {{Blake}, C. and {Glazebrook}, K. and {Davis}, T.~M. and {Brough}, S. and
	{Colless}, M. and {Contreras}, C. and {Couch}, W. and {Croom}, S. and
	{Drinkwater}, M.~J. and {Forster}, K. and {Gilbank}, D. and
	{Gladders}, M. and {Jelliffe}, B. and {Jurek}, R.~J. and {Li}, I.-H. and
	{Madore}, B. and {Martin}, D.~C. and {Pimbblet}, K. and {Poole}, G.~B. and
	{Pracy}, M. and {Sharp}, R. and {Wisnioski}, E. and {Woods}, D. and
	{Wyder}, T.~K. and {Yee}, H.~K.~C.},
    title = "{The WiggleZ Dark Energy Survey: measuring the cosmic expansion history using the Alcock-Paczynski test and distant supernovae}",
  journal = {\mnras},
archivePrefix = "arXiv",
   eprint = {1108.2637},
 keywords = {surveys, dark energy, distance scale},
     year = 2011,
    month = dec,
   volume = 418,
    pages = {1725-1735},
      doi = {10.1111/j.1365-2966.2011.19606.x},
   adsurl = {http://adsabs.harvard.edu/abs/2011MNRAS.418.1725B},
  adsnote = {Provided by the SAO/NASA Astrophysics Data System}
}


@ARTICLE{BlakeKazin2011,
   author = {{Blake}, C. and {Kazin}, E.~A. and {Beutler}, F. and {Davis}, T.~M. and
	{Parkinson}, D. and {Brough}, S. and {Colless}, M. and {Contreras}, C. and
	{Couch}, W. and {Croom}, S. and {Croton}, D. and {Drinkwater}, M.~J. and
	{Forster}, K. and {Gilbank}, D. and {Gladders}, M. and {Glazebrook}, K. and
	{Jelliffe}, B. and {Jurek}, R.~J. and {Li}, I.-H. and {Madore}, B. and
	{Martin}, D.~C. and {Pimbblet}, K. and {Poole}, G.~B. and {Pracy}, M. and
	{Sharp}, R. and {Wisnioski}, E. and {Woods}, D. and {Wyder}, T.~K. and
	{Yee}, H.~K.~C.},
    title = "{The WiggleZ Dark Energy Survey: mapping the distance-redshift relation with baryon acoustic oscillations}",
  journal = {\mnras},
archivePrefix = "arXiv",
   eprint = {1108.2635},
 keywords = {surveys, cosmological parameters, distance scale, large-scale structure of Universe},
     year = 2011,
    month = dec,
   volume = 418,
    pages = {1707-1724},
      doi = {10.1111/j.1365-2966.2011.19592.x},
   adsurl = {http://adsabs.harvard.edu/abs/2011MNRAS.418.1707B},
  adsnote = {Provided by the SAO/NASA Astrophysics Data System}
}


@ARTICLE{BlakeParkinson2006,
   author = {{Blake}, C. and {Parkinson}, D. and {Bassett}, B. and {Glazebrook}, K. and
	{Kunz}, M. and {Nichol}, R.~C.},
    title = "{Universal fitting formulae for baryon oscillation surveys}",
  journal = {\mnras},
   eprint = {astro-ph/0510239},
 keywords = {surveys, cosmological parameters, large-scale structure of Universe},
     year = 2006,
    month = jan,
   volume = 365,
    pages = {255-264},
      doi = {10.1111/j.1365-2966.2005.09706.x},
   adsurl = {http://adsabs.harvard.edu/abs/2006MNRAS.365..255B},
  adsnote = {Provided by the SAO/NASA Astrophysics Data System}
}



@ARTICLE{BoggessMather1992,
   author = {{Boggess}, N.~W. and {Mather}, J.~C. and {Weiss}, R. and {Bennett}, C.~L. and
	{Cheng}, E.~S. and {Dwek}, E. and {Gulkis}, S. and {Hauser}, M.~G. and
	{Janssen}, M.~A. and {Kelsall}, T. and {Meyer}, S.~S. and {Moseley}, S.~H. and
	{Murdock}, T.~L. and {Shafer}, R.~A. and {Silverberg}, R.~F. and
	{Smoot}, G.~F. and {Wilkinson}, D.~T. and {Wright}, E.~L.},
    title = "{The COBE mission - Its design and performance two years after launch}",
  journal = {\apj},
 keywords = {Cosmic Background Explorer Satellite, Infrared Radiation, Microwaves, Relic Radiation, Spaceborne Astronomy, Astronomical Satellites, Radiation Measurement, Satellite Instruments},
     year = 1992,
    month = oct,
   volume = 397,
    pages = {420-429},
      doi = {10.1086/171797},
   adsurl = {http://adsabs.harvard.edu/abs/1992ApJ...397..420B},
  adsnote = {Provided by the SAO/NASA Astrophysics Data System}
}


@ARTICLE{BondEfstathiou1984,
   author = {{Bond}, J.~R. and {Efstathiou}, G.},
    title = "{Cosmic background radiation anisotropies in universes dominated by nonbaryonic dark matter}",
  journal = {\apjl},
 keywords = {Background Radiation, Big Bang Cosmology, Dark Matter, Elementary Particle Interactions, Galactic Evolution, Mass To Light Ratios, Relic Radiation, Anisotropy, Brightness Temperature, Galactic Clusters, Linear Polarization, Mass Distribution, Neutrinos},
     year = 1984,
    month = oct,
   volume = 285,
    pages = {L45-L48},
      doi = {10.1086/184362},
   adsurl = {http://adsabs.harvard.edu/abs/1984ApJ...285L..45B},
  adsnote = {Provided by the SAO/NASA Astrophysics Data System}
}


@ARTICLE{BroadhurstTaylor1995,
   author = {{Broadhurst}, T.~J. and {Taylor}, A.~N. and {Peacock}, J.~A.
	},
    title = "{Mapping cluster mass distributions via gravitational lensing of background galaxies}",
  journal = {\apj},
   eprint = {astro-ph/9406052},
 keywords = {Galactic Clusters, Gravitational Lenses, Mapping, Mass Distribution, Astronomical Photometry, Computerized Simulation, Cosmic Dust, Dark Matter, Red Shift, Statistical Analysis},
     year = 1995,
    month = jan,
   volume = 438,
    pages = {49-61},
      doi = {10.1086/175053},
   adsurl = {http://adsabs.harvard.edu/abs/1995ApJ...438...49B},
  adsnote = {Provided by the SAO/NASA Astrophysics Data System}
}


@ARTICLE{BuchnerGeorgakakis2015,
   author = {{Buchner}, J. and {Georgakakis}, A. and {Nandra}, K. and {Brightman}, M. and 
	{Menzel}, M.-L. and {Liu}, Z. and {Hsu}, L.-T. and {Salvato}, M. and 
	{Rangel}, C. and {Aird}, J. and {Merloni}, A. and {Ross}, N.
	},
    title = "{Obscuration-dependent Evolution of Active Galactic Nuclei}",
  journal = {\apj},
archivePrefix = "arXiv",
   eprint = {1501.02805},
 primaryClass = "astro-ph.HE",
 keywords = {galaxies: active, quasars: supermassive black holes, surveys, X-rays: galaxies},
     year = 2015,
    month = apr,
   volume = 802,
      eid = {89},
    pages = {89},
      doi = {10.1088/0004-637X/802/2/89},
   adsurl = {http://adsabs.harvard.edu/abs/2015ApJ...802...89B},
  adsnote = {Provided by the SAO/NASA Astrophysics Data System}
}


@article{Butkevich2005,
author = {Butkevich, A. G. and Berdyugin, A. V. and Teerikorpi, P.},
title = {Statistical biases in stellar astronomy: the Malmquist bias revisited},
journal = {Monthly Notices of the Royal Astronomical Society},
volume = {362},
number = {1},
pages = {321},
year = {2005},
doi = {10.1111/j.1365-2966.2005.09306.x},
URL = { + http://dx.doi.org/10.1111/j.1365-2966.2005.09306.x},
eprint = {/oup/backfile/content_public/journal/mnras/362/1/10.1111/j.1365-2966.2005.09306.x/3/362-1-321.pdf}
}


@ARTICLE{CabreGaztanaga2009,
   author = {{Cabr{\'e}}, A. and {Gazta{\~n}aga}, E.},
    title = "{Clustering of luminous red galaxies - I. Large-scale redshift-space distortions}",
  journal = {\mnras},
archivePrefix = "arXiv",
   eprint = {0807.2460},
 keywords = {techniques: radial velocities , cosmology: observations , cosmology: theory , large , scale structure of Universe},
     year = 2009,
    month = mar,
   volume = 393,
    pages = {1183-1208},
      doi = {10.1111/j.1365-2966.2008.14281.x},
   adsurl = {http://adsabs.harvard.edu/abs/2009MNRAS.393.1183C},
  adsnote = {Provided by the SAO/NASA Astrophysics Data System}
}
@ARTICLE{CabreGaztanaga2009II,
   author = {{Cabr{\'e}}, A. and {Gazta{\~n}aga}, E.},
    title = "{Clustering of luminous red galaxies - II. Small-scale redshift-space distortions}",
  journal = {\mnras},
archivePrefix = "arXiv",
   eprint = {0807.2461},
 keywords = {galaxies: distances and redshifts , galaxies: evolution , cosmology: observations},
     year = 2009,
    month = jun,
   volume = 396,
    pages = {1119-1131},
      doi = {10.1111/j.1365-2966.2009.14782.x},
   adsurl = {http://adsabs.harvard.edu/abs/2009MNRAS.396.1119C},
  adsnote = {Provided by the SAO/NASA Astrophysics Data System}
}
@ARTICLE{CameronPettitt2012,
   author = {{Cameron}, E. and {Pettitt}, A.~N.},
    title = "{Approximate Bayesian Computation for astronomical model analysis: a case study in galaxy demographics and morphological transformation at high redshift}",
  journal = {\mnras},
archivePrefix = "arXiv",
   eprint = {1202.1426},
 primaryClass = "astro-ph.IM",
 keywords = {methods: statistical, galaxies: evolution, galaxies: formation },
     year = 2012,
    month = sep,
   volume = 425,
    pages = {44-65},
      doi = {10.1111/j.1365-2966.2012.21371.x},
   adsurl = {http://adsabs.harvard.edu/abs/2012MNRAS.425...44C},
  adsnote = {Provided by the SAO/NASA Astrophysics Data System}
}
@BOOK{CarrollOstlie2006,
   author = {{Carroll}, B.~W. and {Ostlie}, D.~A.},
    title = "{An introduction to modern astrophysics and cosmology}",
 keywords = {Astrophysics, Textbooks},
booktitle = {Institute for Mathematics and Its Applications},
     year = 2006,
    month = jul,
   adsurl = {http://adsabs.harvard.edu/abs/2006ima..book.....C},
  adsnote = {Provided by the SAO/NASA Astrophysics Data System}
}


@ARTICLE{ConleyGuySullivan2011,
   author = {{Conley}, A. and {Guy}, J. and {Sullivan}, M. and {Regnault}, N. and
	{Astier}, P. and {Balland}, C. and {Basa}, S. and {Carlberg}, R.~G. and
	{Fouchez}, D. and {Hardin}, D. and {Hook}, I.~M. and {Howell}, D.~A. and
	{Pain}, R. and {Palanque-Delabrouille}, N. and {Perrett}, K.~M. and
	{Pritchet}, C.~J. and {Rich}, J. and {Ruhlmann-Kleider}, V. and
	{Balam}, D. and {Baumont}, S. and {Ellis}, R.~S. and {Fabbro}, S. and
	{Fakhouri}, H.~K. and {Fourmanoit}, N. and {Gonz{\'a}lez-Gait{\'a}n}, S. and
	{Graham}, M.~L. and {Hudson}, M.~J. and {Hsiao}, E. and {Kronborg}, T. and
	{Lidman}, C. and {Mourao}, A.~M. and {Neill}, J.~D. and {Perlmutter}, S. and
	{Ripoche}, P. and {Suzuki}, N. and {Walker}, E.~S.},
    title = "{Supernova Constraints and Systematic Uncertainties from the First Three Years of the Supernova Legacy Survey}",
  journal = {\apjs},
archivePrefix = "arXiv",
   eprint = {1104.1443},
 primaryClass = "astro-ph.CO",
 keywords = {cosmological parameters, cosmology: observations, supernovae: general},
     year = 2011,
    month = jan,
   volume = 192,
      eid = {1},
    pages = {1},
      doi = {10.1088/0067-0049/192/1/1},
   adsurl = {http://adsabs.harvard.edu/abs/2011ApJS..192....1C},
  adsnote = {Provided by the SAO/NASA Astrophysics Data System}
}

@ARTICLE{ContrerasBlake2013,
   author = {{Contreras}, C. and {Blake}, C. and {Poole}, G.~B. and {Marin}, F. and
	{Brough}, S. and {Colless}, M. and {Couch}, W. and {Croom}, S. and
	{Croton}, D. and {Davis}, T.~M. and {Drinkwater}, M.~J. and
	{Forster}, K. and {Gilbank}, D. and {Gladders}, M. and {Glazebrook}, K. and
	{Jelliffe}, B. and {Jurek}, R.~J. and {Li}, I.-h. and {Madore}, B. and
	{Martin}, D.~C. and {Pimbblet}, K. and {Pracy}, M. and {Sharp}, R. and
	{Wisnioski}, E. and {Woods}, D. and {Wyder}, T.~K. and {Yee}, H.~K.~C.
	},
    title = "{The WiggleZ Dark Energy Survey: measuring the cosmic growth rate with the two-point galaxy correlation function}",
  journal = {\mnras},
archivePrefix = "arXiv",
   eprint = {1302.5178},
 primaryClass = "astro-ph.CO",
 keywords = {surveys, cosmological parameters, large-scale structure of Universe},
     year = 2013,
    month = apr,
   volume = 430,
    pages = {924-933},
      doi = {10.1093/mnras/sts608},
   adsurl = {http://adsabs.harvard.edu/abs/2013MNRAS.430..924C},
  adsnote = {Provided by the SAO/NASA Astrophysics Data System}
}

@article{CowlesCarlin1996,
     jstor_articletype = {research-article},
     title = {Markov Chain Monte Carlo Convergence Diagnostics: A Comparative Review},
     author = {Cowles, Mary Kathryn and Carlin, Bradley P.},
     journal = {Journal of the American Statistical Association},
     jstor_issuetitle = {},
     volume = {91},
     number = {434},
     jstor_formatteddate = {Jun., 1996},
     pages = {pp. 883-904},
     url = {http://www.jstor.org/stable/2291683},
     ISSN = {01621459},
     abstract = {A critical issue for users of Markov chain Monte Carlo (MCMC) methods in applications is how to determine when it is safe to stop sampling and use the samples to estimate characteristics of the distribution of interest. Research into methods of computing theoretical convergence bounds holds promise for the future but to date has yielded relatively little of practical use in applied work. Consequently, most MCMC users address the convergence problem by applying diagnostic tools to the output produced by running their samplers. After giving a brief overview of the area, we provide an expository review of 13 convergence diagnostics, describing the theoretical basis and practical implementation of each. We then compare their performance in two simple models and conclude that all of the methods can fail to detect the sorts of convergence failure that they were designed to identify. We thus recommend a combination of strategies aimed at evaluating and accelerating MCMC sampler convergence, including applying diagnostic procedures to a small number of parallel chains, monitoring autocorrelations and cross-correlations, and modifying parametrizations or sampling algorithms appropriately. We emphasize, however, that it is not possible to say with certainty that a finite sample from an MCMC algorithm is representative of an underlying stationary distribution.},
     language = {English},
     year = {1996},
     publisher = {Taylor & Francis, Ltd. on behalf of the American Statistical Association},
     copyright = {Copyright � 1996 American Statistical Association},
    }

@ARTICLE{ChuangWang2012,
   author = {{Chuang}, C.-H. and {Wang}, Y.},
    title = "{Measurements of H(z) and D$_{A}$(z) from the two-dimensional two-point correlation function of Sloan Digital Sky Survey luminous red galaxies}",
  journal = {\mnras},
archivePrefix = "arXiv",
   eprint = {1102.2251},
 keywords = {cosmology: observations, distance scale, large-scale structure of Universe},
     year = 2012,
    month = oct,
   volume = 426,
    pages = {226-236},
      doi = {10.1111/j.1365-2966.2012.21565.x},
   adsurl = {http://adsabs.harvard.edu/abs/2012MNRAS.426..226C},
  adsnote = {Provided by the SAO/NASA Astrophysics Data System}
}


@ARTICLE{ChuangWangHemantha2012,
   author = {{Chuang}, C.-H. and {Wang}, Y. and {Hemantha}, M.~D.~P.},
    title = "{A robust distance measurement and dark energy constraints from the spherically averaged correlation function of Sloan Digital Sky Survey luminous red Galaxies}",
  journal = {\mnras},
archivePrefix = "arXiv",
   eprint = {1008.4822},
 primaryClass = "astro-ph.CO",
 keywords = {cosmology: observations, distance scale, large-scale structure of Universe},
     year = 2012,
    month = jun,
   volume = 423,
    pages = {1474-1484},
      doi = {10.1111/j.1365-2966.2012.20971.x},
   adsurl = {http://adsabs.harvard.edu/abs/2012MNRAS.423.1474C},
  adsnote = {Provided by the SAO/NASA Astrophysics Data System}
}


@ARTICLE{CimattiRobberto2009,
   author = {{Cimatti}, A. and {Robberto}, M. and {Baugh}, C. and {Beckwith}, S.~V.~W. and
	{Content}, R. and {Daddi}, E. and {De Lucia}, G. and {Garilli}, B. and
	{Guzzo}, L. and {Kauffmann}, G. and {Lehnert}, M. and {Maccagni}, D. and
	{Mart{\'{\i}}nez-Sansigre}, A. and {Pasian}, F. and {Reid}, I.~N. and
	{Rosati}, P. and {Salvaterra}, R. and {Stiavelli}, M. and {Wang}, Y. and
	{Zapatero Osorio}, M. and {Balcells}, M. and {Bersanelli}, M. and
	{Bertoldi}, F. and {Blaizot}, J. and {Bottini}, D. and {Bower}, R. and
	{Bulgarelli}, A. and {Burgasser}, A. and {Burigana}, C. and
	{Butler}, R.~C. and {Casertano}, S. and {Ciardi}, B. and {Cirasuolo}, M. and
	{Clampin}, M. and {Cole}, S. and {Comastri}, A. and {Cristiani}, S. and
	{Cuby}, J.-G. and {Cuttaia}, F. and {de Rosa}, A. and {Sanchez}, A.~D. and
	{di Capua}, M. and {Dunlop}, J. and {Fan}, X. and {Ferrara}, A. and
	{Finelli}, F. and {Franceschini}, A. and {Franx}, M. and {Franzetti}, P. and
	{Frenk}, C. and {Gardner}, J.~P. and {Gianotti}, F. and {Grange}, R. and
	{Gruppioni}, C. and {Gruppuso}, A. and {Hammer}, F. and {Hillenbrand}, L. and
	{Jacobsen}, A. and {Jarvis}, M. and {Kennicutt}, R. and {Kimble}, R. and
	{Kriek}, M. and {Kurk}, J. and {Kneib}, J.-P. and {Le Fevre}, O. and
	{Macchetto}, D. and {MacKenty}, J. and {Madau}, P. and {Magliocchetti}, M. and
	{Maino}, D. and {Mandolesi}, N. and {Masetti}, N. and {McLure}, R. and
	{Mennella}, A. and {Meyer}, M. and {Mignoli}, M. and {Mobasher}, B. and
	{Molinari}, E. and {Morgante}, G. and {Morris}, S. and {Nicastro}, L. and
	{Oliva}, E. and {Padovani}, P. and {Palazzi}, E. and {Paresce}, F. and
	{Perez Garrido}, A. and {Pian}, E. and {Popa}, L. and {Postman}, M. and
	{Pozzetti}, L. and {Rayner}, J. and {Rebolo}, R. and {Renzini}, A. and
	{R{\"o}ttgering}, H. and {Schinnerer}, E. and {Scodeggio}, M. and
	{Saisse}, M. and {Shanks}, T. and {Shapley}, A. and {Sharples}, R. and
	{Shea}, H. and {Silk}, J. and {Smail}, I. and {Span{\'o}}, P. and
	{Steinacker}, J. and {Stringhetti}, L. and {Szalay}, A. and
	{Tresse}, L. and {Trifoglio}, M. and {Urry}, M. and {Valenziano}, L. and
	{Villa}, F. and {Villo Perez}, I. and {Walter}, F. and {Ward}, M. and
	{White}, R. and {White}, S. and {Wright}, E. and {Wyse}, R. and
	{Zamorani}, G. and {Zacchei}, A. and {Zeilinger}, W.~W. and
	{Zerbi}, F.},
    title = "{SPACE: the spectroscopic all-sky cosmic explorer}",
  journal = {Experimental Astronomy},
archivePrefix = "arXiv",
   eprint = {0804.4433},
     year = 2009,
    month = mar,
   volume = 23,
    pages = {39-66},
      doi = {10.1007/s10686-008-9096-7},
   adsurl = {http://adsabs.harvard.edu/abs/2009ExA....23...39C},
  adsnote = {Provided by the SAO/NASA Astrophysics Data System}
}


@ARTICLE{ColePercival2005,
   author = {{Cole}, S. and {Percival}, W.~J. and {Peacock}, J.~A. and {Norberg}, P. and
	{Baugh}, C.~M. and {Frenk}, C.~S. and {Baldry}, I. and {Bland-Hawthorn}, J. and
	{Bridges}, T. and {Cannon}, R. and {Colless}, M. and {Collins}, C. and
	{Couch}, W. and {Cross}, N.~J.~G. and {Dalton}, G. and {Eke}, V.~R. and
	{De Propris}, R. and {Driver}, S.~P. and {Efstathiou}, G. and
	{Ellis}, R.~S. and {Glazebrook}, K. and {Jackson}, C. and {Jenkins}, A. and
	{Lahav}, O. and {Lewis}, I. and {Lumsden}, S. and {Maddox}, S. and
	{Madgwick}, D. and {Peterson}, B.~A. and {Sutherland}, W. and
	{Taylor}, K.},
    title = "{The 2dF Galaxy Redshift Survey: power-spectrum analysis of the final data set and cosmological implications}",
  journal = {\mnras},
   eprint = {astro-ph/0501174},
 keywords = {cosmological parameters, large-scale structure of Universe},
     year = 2005,
    month = sep,
   volume = 362,
    pages = {505-534},
      doi = {10.1111/j.1365-2966.2005.09318.x},
   adsurl = {http://adsabs.harvard.edu/abs/2005MNRAS.362..505C},
  adsnote = {Provided by the SAO/NASA Astrophysics Data System}
}
@ARTICLE{ColesJones1991,
   author = {{Coles}, P. and {Jones}, B.},
    title = "{A lognormal model for the cosmological mass distribution}",
  journal = {\mnras},
 keywords = {Astronomical Models, Cosmology, Mass Distribution, Statistical Distributions, Density Distribution, Galactic Evolution, Monte Carlo Method, Normal Density Functions},
     year = 1991,
    month = jan,
   volume = 248,
    pages = {1-13},
   adsurl = {http://adsabs.harvard.edu/abs/1991MNRAS.248....1C},
  adsnote = {Provided by the SAO/NASA Astrophysics Data System}
}

@ARTICLE{CollessPeterson2003,
   author = {{Colless}, M. and {Peterson}, B.~A. and {Jackson}, C. and {Peacock}, J.~A. and
	{Cole}, S. and {Norberg}, P. and {Baldry}, I.~K. and {Baugh}, C.~M. and
	{Bland-Hawthorn}, J. and {Bridges}, T. and {Cannon}, R. and
	{Collins}, C. and {Couch}, W. and {Cross}, N. and {Dalton}, G. and
	{De Propris}, R. and {Driver}, S.~P. and {Efstathiou}, G. and
	{Ellis}, R.~S. and {Frenk}, C.~S. and {Glazebrook}, K. and {Lahav}, O. and
	{Lewis}, I. and {Lumsden}, S. and {Maddox}, S. and {Madgwick}, D. and
	{Sutherland}, W. and {Taylor}, K.},
    title = "{The 2dF Galaxy Redshift Survey: Final Data Release}",
  journal = {ArXiv Astrophysics e-prints},
   eprint = {astro-ph/0306581},
 keywords = {Astrophysics},
     year = 2003,
    month = jun,
   adsurl = {http://adsabs.harvard.edu/abs/2003astro.ph..6581C},
  adsnote = {Provided by the SAO/NASA Astrophysics Data System}
}

@ARTICLE{CrocceFosalbaCastander2010,
   author = {{Crocce}, M. and {Fosalba}, P. and {Castander}, F.~J. and {Gazta{\~n}aga}, E.
	},
    title = "{Simulating the Universe with MICE: the abundance of massive clusters}",
  journal = {\mnras},
archivePrefix = "arXiv",
   eprint = {0907.0019},
 keywords = {methods: N-body simulations, galaxies: clusters: general, cosmology: theory, large-scale structure of Universe},
     year = 2010,
    month = apr,
   volume = 403,
    pages = {1353-1367},
      doi = {10.1111/j.1365-2966.2009.16194.x},
   adsurl = {http://adsabs.harvard.edu/abs/2010MNRAS.403.1353C},
  adsnote = {Provided by the SAO/NASA Astrophysics Data System}
}


@ARTICLE{CrocceScoccimarro2006,
   author = {{Crocce}, M. and {Scoccimarro}, R.},
    title = "{Renormalized cosmological perturbation theory}",
  journal = {\prd},
   eprint = {astro-ph/0509418},
 keywords = {Cosmology},
     year = 2006,
    month = mar,
   volume = 73,
   number = 6,
      eid = {063519},
    pages = {063519},
      doi = {10.1103/PhysRevD.73.063519},
   adsurl = {http://adsabs.harvard.edu/abs/2006PhRvD..73f3519C},
  adsnote = {Provided by the SAO/NASA Astrophysics Data System}
}


@ARTICLE{CrocceScoccimarro2008,
   author = {{Crocce}, M. and {Scoccimarro}, R.},
    title = "{Nonlinear evolution of baryon acoustic oscillations}",
  journal = {\prd},
archivePrefix = "arXiv",
   eprint = {0704.2783},
 keywords = {Cosmology},
     year = 2008,
    month = jan,
   volume = 77,
   number = 2,
      eid = {023533},
    pages = {023533},
      doi = {10.1103/PhysRevD.77.023533},
   adsurl = {http://adsabs.harvard.edu/abs/2008PhRvD..77b3533C},
  adsnote = {Provided by the SAO/NASA Astrophysics Data System}
}

@ARTICLE{DawsonSchlegel2013,
   author = {{Dawson}, K.~S. and {Schlegel}, D.~J. and {Ahn}, C.~P. and {Anderson}, S.~F. and
	{Aubourg}, {\'E}. and {Bailey}, S. and {Barkhouser}, R.~H. and
	{Bautista}, J.~E. and {Beifiori}, A. and {Berlind}, A.~A. and
	{Bhardwaj}, V. and {Bizyaev}, D. and {Blake}, C.~H. and {Blanton}, M.~R. and
	{Blomqvist}, M. and {Bolton}, A.~S. and {Borde}, A. and {Bovy}, J. and
	{Brandt}, W.~N. and {Brewington}, H. and {Brinkmann}, J. and
	{Brown}, P.~J. and {Brownstein}, J.~R. and {Bundy}, K. and {Busca}, N.~G. and
	{Carithers}, W. and {Carnero}, A.~R. and {Carr}, M.~A. and {Chen}, Y. and
	{Comparat}, J. and {Connolly}, N. and {Cope}, F. and {Croft}, R.~A.~C. and
	{Cuesta}, A.~J. and {da Costa}, L.~N. and {Davenport}, J.~R.~A. and
	{Delubac}, T. and {de Putter}, R. and {Dhital}, S. and {Ealet}, A. and
	{Ebelke}, G.~L. and {Eisenstein}, D.~J. and {Escoffier}, S. and
	{Fan}, X. and {Filiz Ak}, N. and {Finley}, H. and {Font-Ribera}, A. and
	{G{\'e}nova-Santos}, R. and {Gunn}, J.~E. and {Guo}, H. and
	{Haggard}, D. and {Hall}, P.~B. and {Hamilton}, J.-C. and {Harris}, B. and
	{Harris}, D.~W. and {Ho}, S. and {Hogg}, D.~W. and {Holder}, D. and
	{Honscheid}, K. and {Huehnerhoff}, J. and {Jordan}, B. and {Jordan}, W.~P. and
	{Kauffmann}, G. and {Kazin}, E.~A. and {Kirkby}, D. and {Klaene}, M.~A. and
	{Kneib}, J.-P. and {Le Goff}, J.-M. and {Lee}, K.-G. and {Long}, D.~C. and
	{Loomis}, C.~P. and {Lundgren}, B. and {Lupton}, R.~H. and {Maia}, M.~A.~G. and
	{Makler}, M. and {Malanushenko}, E. and {Malanushenko}, V. and
	{Mandelbaum}, R. and {Manera}, M. and {Maraston}, C. and {Margala}, D. and
	{Masters}, K.~L. and {McBride}, C.~K. and {McDonald}, P. and
	{McGreer}, I.~D. and {McMahon}, R.~G. and {Mena}, O. and {Miralda-Escud{\'e}}, J. and
	{Montero-Dorta}, A.~D. and {Montesano}, F. and {Muna}, D. and
	{Myers}, A.~D. and {Naugle}, T. and {Nichol}, R.~C. and {Noterdaeme}, P. and
	{Nuza}, S.~E. and {Olmstead}, M.~D. and {Oravetz}, A. and {Oravetz}, D.~J. and
	{Owen}, R. and {Padmanabhan}, N. and {Palanque-Delabrouille}, N. and
	{Pan}, K. and {Parejko}, J.~K. and {P{\^a}ris}, I. and {Percival}, W.~J. and
	{P{\'e}rez-Fournon}, I. and {P{\'e}rez-R{\`a}fols}, I. and {Petitjean}, P. and
	{Pfaffenberger}, R. and {Pforr}, J. and {Pieri}, M.~M. and {Prada}, F. and
	{Price-Whelan}, A.~M. and {Raddick}, M.~J. and {Rebolo}, R. and
	{Rich}, J. and {Richards}, G.~T. and {Rockosi}, C.~M. and {Roe}, N.~A. and
	{Ross}, A.~J. and {Ross}, N.~P. and {Rossi}, G. and {Rubi{\~n}o-Martin}, J.~A. and
	{Samushia}, L. and {S{\'a}nchez}, A.~G. and {Sayres}, C. and
	{Schmidt}, S.~J. and {Schneider}, D.~P. and {Sc{\'o}ccola}, C.~G. and
	{Seo}, H.-J. and {Shelden}, A. and {Sheldon}, E. and {Shen}, Y. and
	{Shu}, Y. and {Slosar}, A. and {Smee}, S.~A. and {Snedden}, S.~A. and
	{Stauffer}, F. and {Steele}, O. and {Strauss}, M.~A. and {Streblyanska}, A. and
	{Suzuki}, N. and {Swanson}, M.~E.~C. and {Tal}, T. and {Tanaka}, M. and
	{Thomas}, D. and {Tinker}, J.~L. and {Tojeiro}, R. and {Tremonti}, C.~A. and
	{Vargas Maga{\~n}a}, M. and {Verde}, L. and {Viel}, M. and {Wake}, D.~A. and
	{Watson}, M. and {Weaver}, B.~A. and {Weinberg}, D.~H. and {Weiner}, B.~J. and
	{West}, A.~A. and {White}, M. and {Wood-Vasey}, W.~M. and {Yeche}, C. and
	{Zehavi}, I. and {Zhao}, G.-B. and {Zheng}, Z.},
    title = "{The Baryon Oscillation Spectroscopic Survey of SDSS-III}",
  journal = {\aj},
archivePrefix = "arXiv",
   eprint = {1208.0022},
 keywords = {cosmology: observations, surveys},
     year = 2013,
    month = jan,
   volume = 145,
      eid = {10},
    pages = {10},
      doi = {10.1088/0004-6256/145/1/10},
   adsurl = {http://adsabs.harvard.edu/abs/2013AJ....145...10D},
  adsnote = {Provided by the SAO/NASA Astrophysics Data System}
}

@ARTICLE{DavisLineweaver2004,
   author = {{Davis}, T.~M. and {Lineweaver}, C.~H.},
    title = "{Expanding Confusion: Common Misconceptions of Cosmological Horizons and the Superluminal Expansion of the Universe}",
  journal = {\pasa},
   eprint = {astro-ph/0310808},
 keywords = {cosmology: observations, cosmology: theory},
     year = 2004,
   volume = 21,
    pages = {97-109},
      doi = {10.1071/AS03040},
   adsurl = {http://adsabs.harvard.edu/abs/2004PASA...21...97D},
  adsnote = {Provided by the SAO/NASA Astrophysics Data System}
}


@ARTICLE{DavisMortsell2007,
   author = {{Davis}, T.~M. and {M{\"o}rtsell}, E. and {Sollerman}, J. and
	{Becker}, A.~C. and {Blondin}, S. and {Challis}, P. and {Clocchiatti}, A. and
	{Filippenko}, A.~V. and {Foley}, R.~J. and {Garnavich}, P.~M. and
	{Jha}, S. and {Krisciunas}, K. and {Kirshner}, R.~P. and {Leibundgut}, B. and
	{Li}, W. and {Matheson}, T. and {Miknaitis}, G. and {Pignata}, G. and
	{Rest}, A. and {Riess}, A.~G. and {Schmidt}, B.~P. and {Smith}, R.~C. and
	{Spyromilio}, J. and {Stubbs}, C.~W. and {Suntzeff}, N.~B. and
	{Tonry}, J.~L. and {Wood-Vasey}, W.~M. and {Zenteno}, A.},
    title = "{Scrutinizing Exotic Cosmological Models Using ESSENCE Supernova Data Combined with Other Cosmological Probes}",
  journal = {\apj},
   eprint = {astro-ph/0701510},
 keywords = {Cosmology: Observations, Stars: Supernovae: General},
     year = 2007,
    month = sep,
   volume = 666,
    pages = {716-725},
      doi = {10.1086/519988},
   adsurl = {http://adsabs.harvard.edu/abs/2007ApJ...666..716D},
  adsnote = {Provided by the SAO/NASA Astrophysics Data System}
}


@ARTICLE{Doroshkevich1978,
   author = {{Doroshkevich}, A.~G. and {Zel'dovich}, Y.~B. and {Syunyaev}, R.~A.
	},
    title = "{Fluctuations of the microwave background radiation in the adiabatic and entropic theories of galaxy formation}",
  journal = {\sovast},
     year = 1978,
    month = oct,
   volume = 22,
    pages = {523-528},
   adsurl = {http://adsabs.harvard.edu/abs/1978SvA....22..523D},
  adsnote = {Provided by the SAO/NASA Astrophysics Data System}
}


@ARTICLE{Drinkwater2010,
   author = {{Drinkwater}, M.~J. and {Jurek}, R.~J. and {Blake}, C. and {Woods}, D. and
	{Pimbblet}, K.~A. and {Glazebrook}, K. and {Sharp}, R. and {Pracy}, M.~B. and
	{Brough}, S. and {Colless}, M. and {Couch}, W.~J. and {Croom}, S.~M. and
	{Davis}, T.~M. and {Forbes}, D. and {Forster}, K. and {Gilbank}, D.~G. and
	{Gladders}, M. and {Jelliffe}, B. and {Jones}, N. and {Li}, I.-H. and
	{Madore}, B. and {Martin}, D.~C. and {Poole}, G.~B. and {Small}, T. and
	{Wisnioski}, E. and {Wyder}, T. and {Yee}, H.~K.~C.},
    title = "{The WiggleZ Dark Energy Survey: survey design and first data release}",
  journal = {\mnras},
archivePrefix = "arXiv",
   eprint = {0911.4246},
 keywords = {surveys, galaxies: high-redshift, galaxies: photometry, galaxies: starburst, cosmology: observations, ultraviolet: galaxies},
     year = 2010,
    month = jan,
   volume = 401,
    pages = {1429-1452},
      doi = {10.1111/j.1365-2966.2009.15754.x},
   adsurl = {http://adsabs.harvard.edu/abs/2010MNRAS.401.1429D},
  adsnote = {Provided by the SAO/NASA Astrophysics Data System}
}


@ARTICLE{EisensteinSeoSirko2007,
   author = {{Eisenstein}, D.~J. and {Seo}, H.-J. and {Sirko}, E. and {Spergel}, D.~N.
	},
    title = "{Improving Cosmological Distance Measurements by Reconstruction of the Baryon Acoustic Peak}",
  journal = {\apj},
   eprint = {astro-ph/0604362},
 keywords = {Cosmology: Cosmic Microwave Background, Cosmology: Cosmological Parameters, Cosmology: Distance Scale, Cosmology: Large-Scale Structure of Universe},
     year = 2007,
    month = aug,
   volume = 664,
    pages = {675-679},
      doi = {10.1086/518712},
   adsurl = {http://adsabs.harvard.edu/abs/2007ApJ...664..675E},
  adsnote = {Provided by the SAO/NASA Astrophysics Data System}
}


@ARTICLE{EisensteinSeoWhite2007,
   author = {{Eisenstein}, D.~J. and {Seo}, H.-J. and {White}, M.},
    title = "{On the Robustness of the Acoustic Scale in the Low-Redshift Clustering of Matter}",
  journal = {\apj},
   eprint = {astro-ph/0604361},
 keywords = {Cosmology: Cosmic Microwave Background, Cosmology: Cosmological Parameters, Cosmology: Distance Scale, Cosmology: Large-Scale Structure of Universe},
     year = 2007,
    month = aug,
   volume = 664,
    pages = {660-674},
      doi = {10.1086/518755},
   adsurl = {http://adsabs.harvard.edu/abs/2007ApJ...664..660E},
  adsnote = {Provided by the SAO/NASA Astrophysics Data System}
}

@ARTICLE{EisensteinHu1998,
   author = {{Eisenstein}, D.~J. and {Hu}, W.},
    title = "{Baryonic Features in the Matter Transfer Function}",
  journal = {\apj},
   eprint = {astro-ph/9709112},
 keywords = {COSMOLOGY: THEORY, COSMOLOGY: DARK MATTER, COSMOLOGY: LARGE-SCALE STRUCTURE OF UNIVERSE, Cosmology: Theory, Cosmology: Dark Matter, Cosmology: Large-Scale Structure of Universe},
     year = 1998,
    month = mar,
   volume = 496,
    pages = {605-614},
      doi = {10.1086/305424},
   adsurl = {http://adsabs.harvard.edu/abs/1998ApJ...496..605E},
  adsnote = {Provided by the SAO/NASA Astrophysics Data System}
}


@ARTICLE{EisensteinHuTegmark1999,
   author = {{Eisenstein}, D.~J. and {Hu}, W. and {Tegmark}, M.},
    title = "{Cosmic Complementarity: Joint Parameter Estimation from Cosmic Microwave Background Experiments and Redshift Surveys}",
  journal = {\apj},
   eprint = {astro-ph/9807130},
 keywords = {COSMOLOGY: COSMIC MICROWAVE BACKGROUND, COSMOLOGY: THEORY, COSMOLOGY: DARK MATTER, COSMOLOGY: LARGE-SCALE STRUCTURE OF UNIVERSE, METHODS: NUMERICAL, Cosmology: Cosmic Microwave Background, Cosmology: Theory, Cosmology: Dark Matter, Cosmology: Large-Scale Structure of Universe, Methods: Numerical},
     year = 1999,
    month = jun,
   volume = 518,
    pages = {2-23},
      doi = {10.1086/307261},
   adsurl = {http://adsabs.harvard.edu/abs/1999ApJ...518....2E},
  adsnote = {Provided by the SAO/NASA Astrophysics Data System}
}


@ARTICLE{Eisenstein2005,
   author = {{Eisenstein}, D.~J. and {Zehavi}, I. and {Hogg}, D.~W. and {Scoccimarro}, R. and 
	{Blanton}, M.~R. and {Nichol}, R.~C. and {Scranton}, R. and 
	{Seo}, H.-J. and {Tegmark}, M. and {Zheng}, Z. and {Anderson}, S.~F. and 
	{Annis}, J. and {Bahcall}, N. and {Brinkmann}, J. and {Burles}, S. and 
	{Castander}, F.~J. and {Connolly}, A. and {Csabai}, I. and {Doi}, M. and 
	{Fukugita}, M. and {Frieman}, J.~A. and {Glazebrook}, K. and 
	{Gunn}, J.~E. and {Hendry}, J.~S. and {Hennessy}, G. and {Ivezi{\'c}}, Z. and 
	{Kent}, S. and {Knapp}, G.~R. and {Lin}, H. and {Loh}, Y.-S. and 
	{Lupton}, R.~H. and {Margon}, B. and {McKay}, T.~A. and {Meiksin}, A. and 
	{Munn}, J.~A. and {Pope}, A. and {Richmond}, M.~W. and {Schlegel}, D. and 
	{Schneider}, D.~P. and {Shimasaku}, K. and {Stoughton}, C. and 
	{Strauss}, M.~A. and {SubbaRao}, M. and {Szalay}, A.~S. and 
	{Szapudi}, I. and {Tucker}, D.~L. and {Yanny}, B. and {York}, D.~G.
	},
    title = "{Detection of the Baryon Acoustic Peak in the Large-Scale Correlation Function of SDSS Luminous Red Galaxies}",
  journal = {\apj},
   eprint = {astro-ph/0501171},
     year = 2005,
    month = nov,
   volume = 633,
    pages = {560-574},
      doi = {10.1086/466512},
   adsurl = {http://adsabs.harvard.edu/cgi-bin/nph-bib_query?bibcode=2005ApJ...633..560E&db_key=AST},
  adsnote = {Provided by the Smithsonian/NASA Astrophysics Data System}
}

@ARTICLE{EisensteinWeinberg2011,
   author = {{Eisenstein}, D.~J. and {Weinberg}, D.~H. and {Agol}, E. and
	{Aihara}, H. and {Allende Prieto}, C. and {Anderson}, S.~F. and
	{Arns}, J.~A. and {Aubourg}, {\'E}. and {Bailey}, S. and {Balbinot}, E. and et al.},
    title = "{SDSS-III: Massive Spectroscopic Surveys of the Distant Universe, the Milky Way, and Extra-Solar Planetary Systems}",
  journal = {\aj},
archivePrefix = "arXiv",
   eprint = {1101.1529},
 primaryClass = "astro-ph.IM",
 keywords = {cosmology: observations, Galaxy: evolution, planets and satellites: detection, surveys},
     year = 2011,
    month = sep,
   volume = 142,
      eid = {72},
    pages = {72},
      doi = {10.1088/0004-6256/142/3/72},
   adsurl = {http://adsabs.harvard.edu/abs/2011AJ....142...72E},
  adsnote = {Provided by the SAO/NASA Astrophysics Data System}
}


@ARTICLE{EisensteinZehavi2005,
   author = {{Eisenstein}, D.~J. and {Zehavi}, I. and {Hogg}, D.~W. and {Scoccimarro}, R. and
	{Blanton}, M.~R. and {Nichol}, R.~C. and {Scranton}, R. and
	{Seo}, H.-J. and {Tegmark}, M. and {Zheng}, Z. and {Anderson}, S.~F. and
	{Annis}, J. and {Bahcall}, N. and {Brinkmann}, J. and {Burles}, S. and
	{Castander}, F.~J. and {Connolly}, A. and {Csabai}, I. and {Doi}, M. and
	{Fukugita}, M. and {Frieman}, J.~A. and {Glazebrook}, K. and
	{Gunn}, J.~E. and {Hendry}, J.~S. and {Hennessy}, G. and {Ivezi{\'c}}, Z. and
	{Kent}, S. and {Knapp}, G.~R. and {Lin}, H. and {Loh}, Y.-S. and
	{Lupton}, R.~H. and {Margon}, B. and {McKay}, T.~A. and {Meiksin}, A. and
	{Munn}, J.~A. and {Pope}, A. and {Richmond}, M.~W. and {Schlegel}, D. and
	{Schneider}, D.~P. and {Shimasaku}, K. and {Stoughton}, C. and
	{Strauss}, M.~A. and {SubbaRao}, M. and {Szalay}, A.~S. and
	{Szapudi}, I. and {Tucker}, D.~L. and {Yanny}, B. and {York}, D.~G.
	},
    title = "{Detection of the Baryon Acoustic Peak in the Large-Scale Correlation Function of SDSS Luminous Red Galaxies}",
  journal = {\apj},
   eprint = {astro-ph/0501171},
 keywords = {Cosmology: Cosmic Microwave Background, Cosmology: Cosmological Parameters, Cosmology: Observations, Cosmology: Distance Scale, Galaxies: Elliptical and Lenticular, cD, Cosmology: Large-Scale Structure of Universe},
     year = 2005,
    month = nov,
   volume = 633,
    pages = {560-574},
      doi = {10.1086/466512},
   adsurl = {http://adsabs.harvard.edu/abs/2005ApJ...633..560E},
  adsnote = {Provided by the SAO/NASA Astrophysics Data System}
}

@ARTICLE{FangHuLewis2008,
   author = {{Fang}, W. and {Hu}, W. and {Lewis}, A.},
    title = "{Crossing the phantom divide with parametrized post-Friedmann dark energy}",
  journal = {\prd},
archivePrefix = "arXiv",
   eprint = {0808.3125},
 keywords = {Dark energy, Cosmology},
     year = 2008,
    month = oct,
   volume = 78,
   number = 8,
      eid = {087303},
    pages = {087303},
      doi = {10.1103/PhysRevD.78.087303},
   adsurl = {http://adsabs.harvard.edu/abs/2008PhRvD..78h7303F},
  adsnote = {Provided by the SAO/NASA Astrophysics Data System}
}


@ARTICLE{FontRiberaKirkby2014,
   author = {{Font-Ribera}, A. and {Kirkby}, D. and {Busca}, N. and {Miralda-Escud{\'e}}, J. and 
	{Ross}, N.~P. and {Slosar}, A. and {Rich}, J. and {Aubourg}, {\'E}. and 
	{Bailey}, S. and {Bhardwaj}, V. and {Bautista}, J. and {Beutler}, F. and 
	{Bizyaev}, D. and {Blomqvist}, M. and {Brewington}, H. and {Brinkmann}, J. and 
	{Brownstein}, J.~R. and {Carithers}, B. and {Dawson}, K.~S. and 
	{Delubac}, T. and {Ebelke}, G. and {Eisenstein}, D.~J. and {Ge}, J. and 
	{Kinemuchi}, K. and {Lee}, K.-G. and {Malanushenko}, V. and 
	{Malanushenko}, E. and {Marchante}, M. and {Margala}, D. and 
	{Muna}, D. and {Myers}, A.~D. and {Noterdaeme}, P. and {Oravetz}, D. and 
	{Palanque-Delabrouille}, N. and {P{\^a}ris}, I. and {Petitjean}, P. and 
	{Pieri}, M.~M. and {Rossi}, G. and {Schneider}, D.~P. and {Simmons}, A. and 
	{Viel}, M. and {Yeche}, C. and {York}, D.~G.},
    title = "{Quasar-Lyman {$\alpha$} forest cross-correlation from BOSS DR11: Baryon Acoustic Oscillations}",
  journal = {\jcap},
archivePrefix = "arXiv",
   eprint = {1311.1767},
     year = 2014,
    month = may,
   volume = 5,
      eid = {027},
    pages = {27},
      doi = {10.1088/1475-7516/2014/05/027},
   adsurl = {http://adsabs.harvard.edu/abs/2014JCAP...05..027F},
  adsnote = {Provided by the SAO/NASA Astrophysics Data System}
}


@ARTICLE{FosalbaGaztanaga2008,
   author = {{Fosalba}, P. and {Gazta{\~n}aga}, E. and {Castander}, F.~J. and
	{Manera}, M.},
    title = "{The onion universe: all sky lightcone simulations in spherical shells}",
  journal = {\mnras},
archivePrefix = "arXiv",
   eprint = {0711.1540},
 keywords = {methods: N-body simulations , galaxies: statistics , large-scale structure of Universe},
     year = 2008,
    month = nov,
   volume = 391,
    pages = {435-446},
      doi = {10.1111/j.1365-2966.2008.13910.x},
   adsurl = {http://adsabs.harvard.edu/abs/2008MNRAS.391..435F},
  adsnote = {Provided by the SAO/NASA Astrophysics Data System}
}


@ARTICLE{FriemanTurnerHuterer2008,
   author = {{Frieman}, J.~A. and {Turner}, M.~S. and {Huterer}, D.},
    title = "{Dark Energy and the Accelerating Universe}",
  journal = {\araa},
archivePrefix = "arXiv",
   eprint = {0803.0982},
     year = 2008,
    month = sep,
   volume = 46,
    pages = {385-432},
      doi = {10.1146/annurev.astro.46.060407.145243},
   adsurl = {http://adsabs.harvard.edu/abs/2008ARA%26A..46..385F},
  adsnote = {Provided by the SAO/NASA Astrophysics Data System}
}

@ARTICLE{Fugmann1988,
   author = {{Fugmann}, W.},
    title = "{Galaxies near distant quasars - Observational evidence for statistical gravitational lensing}",
  journal = {\aap},
 keywords = {Galactic Structure, Gravitational Lenses, Quasars, Charge Coupled Devices, Space Density, Statistical Analysis},
     year = 1988,
    month = oct,
   volume = 204,
    pages = {73-80},
   adsurl = {http://adsabs.harvard.edu/abs/1988A%26A...204...73F},
  adsnote = {Provided by the SAO/NASA Astrophysics Data System}
}


@ARTICLE{Gaztanaga2009,
   author = {{Gazta{\~n}aga}, E. and {Cabr{\'e}}, A. and {Hui}, L.},
    title = "{Clustering of luminous red galaxies - IV. Baryon acoustic peak in the line-of-sight direction and a direct measurement of H(z)}",
  journal = {\mnras},
archivePrefix = "arXiv",
   eprint = {0807.3551},
 keywords = {cosmology: observations , large-scale structure of Universe},
     year = 2009,
    month = nov,
   volume = 399,
    pages = {1663-1680},
      doi = {10.1111/j.1365-2966.2009.15405.x},
   adsurl = {http://adsabs.harvard.edu/abs/2009MNRAS.399.1663G},
  adsnote = {Provided by the SAO/NASA Astrophysics Data System}
}

@article{Gelfand1992,
author = { Alan E.   Gelfand  and  Adrian F. M.   Smith  and  Tai-Ming   Lee },
title = {Bayesian Analysis of Constrained Parameter and Truncated Data Problems Using Gibbs Sampling},
journal = {Journal of the American Statistical Association},
volume = {87},
number = {418},
pages = {523-532},
year = {1992},
doi = {10.1080/01621459.1992.10475235},
}


@book{Gilks1995markov,
  title={Markov Chain Monte Carlo in Practice},
  author={Gilks, W.R. and Richardson, S. and Spiegelhalter, D.},
  isbn={9780412055515},
  lccn={98033429},
  series={Chapman \& Hall/CRC Interdisciplinary Statistics},
  url={https://books.google.com.au/books?id=TRXrMWY\_i2IC},
  year={1995},
  publisher={Taylor \& Francis}
}


@ARTICLE{GlazebrookBlake2005,
   author = {{Glazebrook}, K. and {Blake}, C.},
    title = "{Measuring the Cosmic Evolution of Dark Energy with Baryonic Oscillations in the Galaxy Power Spectrum}",
  journal = {\apj},
   eprint = {astro-ph/0505608},
 keywords = {Cosmology: Cosmological Parameters, Cosmology: Large-Scale Structure of Universe, Surveys},
     year = 2005,
    month = sep,
   volume = 631,
    pages = {1-20},
      doi = {10.1086/432497},
   adsurl = {http://adsabs.harvard.edu/abs/2005ApJ...631....1G},
  adsnote = {Provided by the SAO/NASA Astrophysics Data System}
}


@ARTICLE{GottChoiParkKim2009,
   author = {{Gott}, J.~R. and {Choi}, Y.-Y. and {Park}, C. and {Kim}, J.
	},
    title = "{Three-Dimensional Genus Topology of Luminous Red Galaxies}",
  journal = {\apjl},
archivePrefix = "arXiv",
   eprint = {0812.1406},
 keywords = {cosmology: observations, large-scale structure of universe, methods: numerical},
     year = 2009,
    month = apr,
   volume = 695,
    pages = {L45-L48},
      doi = {10.1088/0004-637X/695/1/L45},
   adsurl = {http://adsabs.harvard.edu/abs/2009ApJ...695L..45G},
  adsnote = {Provided by the SAO/NASA Astrophysics Data System}
}


@ARTICLE{GottSlepian2011,
   author = {{Gott}, J.~R. and {Slepian}, Z.},
    title = "{Dark energy as double N-flation - observational predictions}",
  journal = {\mnras},
archivePrefix = "arXiv",
   eprint = {1011.2528},
 primaryClass = "astro-ph.CO",
 keywords = {cosmological parameters, cosmology: theory, dark energy, inflation},
     year = 2011,
    month = sep,
   volume = 416,
    pages = {907-916},
      doi = {10.1111/j.1365-2966.2011.19049.x},
   adsurl = {http://adsabs.harvard.edu/abs/2011MNRAS.416..907G},
  adsnote = {Provided by the SAO/NASA Astrophysics Data System}
}

@article{grogger1991models,
  title={Models for truncated counts},
  author={Grogger, Jeffrey T and Carson, Richard T},
  journal={Journal of applied econometrics},
  volume={6},
  number={3},
  pages={225--238},
  year={1991},
  publisher={Wiley Online Library}
}

@incollection{Gull1989bayesian,
  title={Bayesian data analysis: Straight-line fitting},
  author={Gull, Stephen F},
  booktitle={Maximum Entropy and Bayesian Methods},
  pages={511--518},
  year={1989},
  publisher={Springer}
}


@ARTICLE{Gramann1993,
   author = {{Gramann}, M.},
    title = "{An improved reconstruction method for cosmological density fields}",
  journal = {\apj},
 keywords = {Cosmology, Density (Mass/Volume), Galactic Clusters, Gravitational Fields, Radial Velocity, Fourier Analysis, Nonlinear Evolution Equations, Simulation},
     year = 1993,
    month = mar,
   volume = 405,
    pages = {449-458},
      doi = {10.1086/172377},
   adsurl = {http://adsabs.harvard.edu/abs/1993ApJ...405..449G},
  adsnote = {Provided by the SAO/NASA Astrophysics Data System}
}


@ARTICLE{Hamilton1992,
   author = {{Hamilton}, A.~J.~S.},
    title = "{Measuring Omega and the real correlation function from the redshift correlation function}",
  journal = {\apjl},
 keywords = {Correlation, Cosmology, Galactic Clusters, Red Shift, Computational Astrophysics, Power Spectra},
     year = 1992,
    month = jan,
   volume = 385,
    pages = {L5-L8},
      doi = {10.1086/186264},
   adsurl = {http://adsabs.harvard.edu/abs/1992ApJ...385L...5H},
  adsnote = {Provided by the SAO/NASA Astrophysics Data System}
}

@ARTICLE{HattonCole1998,
   author = {{Hatton}, S. and {Cole}, S.},
    title = "{Modelling the redshift-space distortion of galaxy clustering}",
  journal = {\mnras},
   eprint = {astro-ph/9707186},
 keywords = {GALAXIES: CLUSTERS: GENERAL, GALAXIES: DISTANCES AND REDSHIFTS, COSMOLOGY: THEORY, LARGE-SCALE STRUCTURE OF UNIVERSE},
     year = 1998,
    month = may,
   volume = 296,
    pages = {10-20},
      doi = {10.1046/j.1365-8711.1998.01269.x},
   adsurl = {http://adsabs.harvard.edu/abs/1998MNRAS.296...10H},
  adsnote = {Provided by the SAO/NASA Astrophysics Data System}
}

@ARTICLE{HinshawWeiland2009,
   author = {{Hinshaw}, G. and {Weiland}, J.~L. and {Hill}, R.~S. and {Odegard}, N. and
	{Larson}, D. and {Bennett}, C.~L. and {Dunkley}, J. and {Gold}, B. and
	{Greason}, M.~R. and {Jarosik}, N. and {Komatsu}, E. and {Nolta}, M.~R. and
	{Page}, L. and {Spergel}, D.~N. and {Wollack}, E. and {Halpern}, M. and
	{Kogut}, A. and {Limon}, M. and {Meyer}, S.~S. and {Tucker}, G.~S. and
	{Wright}, E.~L.},
    title = "{Five-Year Wilkinson Microwave Anisotropy Probe Observations: Data Processing, Sky Maps, and Basic Results}",
  journal = {\apjs},
archivePrefix = "arXiv",
   eprint = {0803.0732},
 keywords = {cosmic microwave background, cosmology: observations, early universe, dark matter, space vehicles, space vehicles: instruments, instrumentation: detectors, telescopes},
     year = 2009,
    month = feb,
   volume = 180,
    pages = {225-245},
      doi = {10.1088/0067-0049/180/2/225},
   adsurl = {http://adsabs.harvard.edu/abs/2009ApJS..180..225H},
  adsnote = {Provided by the SAO/NASA Astrophysics Data System}
}


@ARTICLE{HintonThesis2015,
   author = {{Hinton}, S.},
    title = "{Extraction of Cosmological Information from WiggleZ}",
  journal = {ArXiv e-prints},
archivePrefix = "arXiv",
   eprint = {1604.01830},
 keywords = {Astrophysics - Cosmology and Nongalactic Astrophysics},
     year = 2016,
    month = apr,
   adsurl = {http://adsabs.harvard.edu/abs/2016arXiv160401830H},
  adsnote = {Provided by the SAO/NASA Astrophysics Data System}
}

@book{Hobson2010bayesian,
  title={Bayesian Methods in Cosmology},
  author={Hobson, M.P.},
  isbn={9780521887946},
  lccn={2009035034},
  series={Bayesian Methods in Cosmology},
  url={https://books.google.com.au/books?id=RzehSUtgxvsC},
  year={2010},
  publisher={Cambridge University Press}
}

@ARTICLE{HoggEisenstein2005,
   author = {{Hogg}, D.~W. and {Eisenstein}, D.~J. and {Blanton}, M.~R. and
	{Bahcall}, N.~A. and {Brinkmann}, J. and {Gunn}, J.~E. and {Schneider}, D.~P.
	},
    title = "{Cosmic Homogeneity Demonstrated with Luminous Red Galaxies}",
  journal = {\apj},
   eprint = {astro-ph/0411197},
 keywords = {Cosmology: Cosmological Parameters, Cosmology: Observations, Galaxies: Statistics, Cosmology: Large-Scale Structure of Universe, Methods: Statistical, Surveys},
     year = 2005,
    month = may,
   volume = 624,
    pages = {54-58},
      doi = {10.1086/429084},
   adsurl = {http://adsabs.harvard.edu/abs/2005ApJ...624...54H},
  adsnote = {Provided by the SAO/NASA Astrophysics Data System}
}


@ARTICLE{HoCuesta2012,
   author = {{Ho}, S. and {Cuesta}, A. and {Seo}, H.-J. and {de Putter}, R. and
	{Ross}, A.~J. and {White}, M. and {Padmanabhan}, N. and {Saito}, S. and
	{Schlegel}, D.~J. and {Schlafly}, E. and {Seljak}, U. and {Hern{\'a}ndez-Monteagudo}, C. and
	{S{\'a}nchez}, A.~G. and {Percival}, W.~J. and {Blanton}, M. and
	{Skibba}, R. and {Schneider}, D. and {Reid}, B. and {Mena}, O. and
	{Viel}, M. and {Eisenstein}, D.~J. and {Prada}, F. and {Weaver}, B.~A. and
	{Bahcall}, N. and {Bizyaev}, D. and {Brewinton}, H. and {Brinkman}, J. and
	{Nicolaci da Costa}, L. and {Gott}, J.~R. and {Malanushenko}, E. and
	{Malanushenko}, V. and {Nichol}, B. and {Oravetz}, D. and {Pan}, K. and
	{Palanque-Delabrouille}, N. and {Ross}, N.~P. and {Simmons}, A. and
	{de Simoni}, F. and {Snedden}, S. and {Yeche}, C.},
    title = "{Clustering of Sloan Digital Sky Survey III Photometric Luminous Galaxies: The Measurement, Systematics, and Cosmological Implications}",
  journal = {\apj},
archivePrefix = "arXiv",
   eprint = {1201.2137},
 keywords = {cosmological parameters, dark energy, dark matter, distance scale},
     year = 2012,
    month = dec,
   volume = 761,
      eid = {14},
    pages = {14},
      doi = {10.1088/0004-637X/761/1/14},
   adsurl = {http://adsabs.harvard.edu/abs/2012ApJ...761...14H},
  adsnote = {Provided by the SAO/NASA Astrophysics Data System}
}


@ARTICLE{Holtzman1989,
   author = {{Holtzman}, J.~A.},
    title = "{Microwave background anisotropies and large-scale structure in universes with cold dark matter, baryons, radiation, and massive and massless neutrinos}",
  journal = {\apjs},
 keywords = {Baryons, Cosmology, Dark Matter, Neutrinos, Relic Radiation, Anisotropy, Background Radiation, Curvature, Microwaves, Universe},
     year = 1989,
    month = sep,
   volume = 71,
    pages = {1-24},
      doi = {10.1086/191362},
   adsurl = {http://adsabs.harvard.edu/abs/1989ApJS...71....1H},
  adsnote = {Provided by the SAO/NASA Astrophysics Data System}
}

@ARTICLE{HuHaiman2003,
   author = {{Hu}, W. and {Haiman}, Z.},
    title = "{Redshifting rings of power}",
  journal = {\prd},
   eprint = {astro-ph/0306053},
 keywords = {Background radiations, Dark matter, Distances redshifts radial velocities, spatial distribution of galaxies},
     year = 2003,
    month = sep,
   volume = 68,
   number = 6,
      eid = {063004},
    pages = {063004},
      doi = {10.1103/PhysRevD.68.063004},
   adsurl = {http://adsabs.harvard.edu/abs/2003PhRvD..68f3004H},
  adsnote = {Provided by the SAO/NASA Astrophysics Data System}
}

@ARTICLE{Hubble1929,
   author = {{Hubble}, E.},
    title = "{A Relation between Distance and Radial Velocity among Extra-Galactic Nebulae}",
  journal = {Proceedings of the National Academy of Science},
     year = 1929,
    month = mar,
   volume = 15,
    pages = {168-173},
      doi = {10.1073/pnas.15.3.168},
   adsurl = {http://adsabs.harvard.edu/abs/1929PNAS...15..168H},
  adsnote = {Provided by the SAO/NASA Astrophysics Data System}
}


@ARTICLE{Huetsi2006,
   author = {{H{\"u}tsi}, G.},
    title = "{Acoustic oscillations in the SDSS DR4 luminous red galaxy sample power spectrum}",
  journal = {\aap},
   eprint = {astro-ph/0512201},
 keywords = {large-scale structure of Universe},
     year = 2006,
    month = apr,
   volume = 449,
    pages = {891-902},
      doi = {10.1051/0004-6361:20053939},
   adsurl = {http://adsabs.harvard.edu/abs/2006A%26A...449..891H},
  adsnote = {Provided by the SAO/NASA Astrophysics Data System}
}

@ARTICLE{Huetsi2005,
   author = {{Huetsi}, G.},
    title = "{Acoustic oscillations in the SDSS Luminous Red Galaxy sample power spectrum}",
  journal = {ArXiv Astrophysics e-prints},
   eprint = {astro-ph/0507678},
 keywords = {Astrophysics},
     year = 2005,
    month = jul,
   adsurl = {http://adsabs.harvard.edu/abs/2005astro.ph..7678H},
  adsnote = {Provided by the SAO/NASA Astrophysics Data System}
}
@article {JANE1898,
author = {Colchero, Fernando and Clark, James S.},
title = {Bayesian inference on age-specific survival for censored and truncated data},
journal = {Journal of Animal Ecology},
volume = {81},
number = {1},
publisher = {Blackwell Publishing Ltd},
issn = {1365-2656},
url = {http://dx.doi.org/10.1111/j.1365-2656.2011.01898.x},
doi = {10.1111/j.1365-2656.2011.01898.x},
pages = {139--149},
keywords = {age-specific survival, Bayesian inference, capture–recapture/recovery data, maximum likelihood},
year = {2012},
}


@ARTICLE{JenningsBaughPascoli2011,
   author = {{Jennings}, E. and {Baugh}, C.~M. and {Pascoli}, S.},
    title = "{Modelling redshift space distortions in hierarchical cosmologies}",
  journal = {\mnras},
archivePrefix = "arXiv",
   eprint = {1003.4282},
 primaryClass = "astro-ph.CO",
 keywords = {methods: numerical, cosmology: theory, large-scale structure of Universe},
     year = 2011,
    month = jan,
   volume = 410,
    pages = {2081-2094},
      doi = {10.1111/j.1365-2966.2010.17581.x},
   adsurl = {http://adsabs.harvard.edu/abs/2011MNRAS.410.2081J},
  adsnote = {Provided by the SAO/NASA Astrophysics Data System}
}
@ARTICLE{JenningsMadigan2017,
   author = {{Jennings}, E. and {Madigan}, M.},
    title = "{astroABC : An Approximate Bayesian Computation Sequential Monte Carlo sampler for cosmological parameter estimation}",
  journal = {Astronomy and Computing},
archivePrefix = "arXiv",
   eprint = {1608.07606},
 primaryClass = "astro-ph.IM",
 keywords = {Cosmology, Theory cosmology, Cosmological parameters galaxies, Statistics methods, Statistical (stars), Supernovae},
     year = 2017,
    month = apr,
   volume = 19,
    pages = {16-22},
      doi = {10.1016/j.ascom.2017.01.001},
   adsurl = {http://adsabs.harvard.edu/abs/2017A%26C....19...16J},
  adsnote = {Provided by the SAO/NASA Astrophysics Data System}
}
@ARTICLE{JonesRead2009,
   author = {{Jones}, D.~H. and {Read}, M.~A. and {Saunders}, W. and {Colless}, M. and
	{Jarrett}, T. and {Parker}, Q.~A. and {Fairall}, A.~P. and {Mauch}, T. and
	{Sadler}, E.~M. and {Watson}, F.~G. and {Burton}, D. and {Campbell}, L.~A. and
	{Cass}, P. and {Croom}, S.~M. and {Dawe}, J. and {Fiegert}, K. and
	{Frankcombe}, L. and {Hartley}, M. and {Huchra}, J. and {James}, D. and
	{Kirby}, E. and {Lahav}, O. and {Lucey}, J. and {Mamon}, G.~A. and
	{Moore}, L. and {Peterson}, B.~A. and {Prior}, S. and {Proust}, D. and
	{Russell}, K. and {Safouris}, V. and {Wakamatsu}, K.-I. and
	{Westra}, E. and {Williams}, M.},
    title = "{The 6dF Galaxy Survey: final redshift release (DR3) and southern large-scale structures}",
  journal = {\mnras},
archivePrefix = "arXiv",
   eprint = {0903.5451},
 keywords = {surveys , galaxies: distances and redshifts , cosmology: observations , large-scale structure of Universe},
     year = 2009,
    month = oct,
   volume = 399,
    pages = {683-698},
      doi = {10.1111/j.1365-2966.2009.15338.x},
   adsurl = {http://adsabs.harvard.edu/abs/2009MNRAS.399..683J},
  adsnote = {Provided by the SAO/NASA Astrophysics Data System}
}
@ARTICLE{HansenBanday2004,
   author = {{Hansen}, F.~K. and {Banday}, A.~J. and {G{\'o}rski}, K.~M.},
    title = "{Testing the cosmological principle of isotropy: local power-spectrum estimates of the WMAP data}",
  journal = {\mnras},
   eprint = {astro-ph/0404206},
 keywords = {methods: data analysis, methods: statistical, techniques: image processing, cosmological parameters, cosmology: observations},
     year = 2004,
    month = nov,
   volume = 354,
    pages = {641-665},
      doi = {10.1111/j.1365-2966.2004.08229.x},
   adsurl = {http://adsabs.harvard.edu/abs/2004MNRAS.354..641H},
  adsnote = {Provided by the SAO/NASA Astrophysics Data System}
}
@ARTICLE{HawkinsMaddoxCole2003,
   author = {{Hawkins}, E. and {Maddox}, S. and {Cole}, S. and {Lahav}, O. and
	{Madgwick}, D.~S. and {Norberg}, P. and {Peacock}, J.~A. and
	{Baldry}, I.~K. and {Baugh}, C.~M. and {Bland-Hawthorn}, J. and
	{Bridges}, T. and {Cannon}, R. and {Colless}, M. and {Collins}, C. and
	{Couch}, W. and {Dalton}, G. and {De Propris}, R. and {Driver}, S.~P. and
	{Efstathiou}, G. and {Ellis}, R.~S. and {Frenk}, C.~S. and {Glazebrook}, K. and
	{Jackson}, C. and {Jones}, B. and {Lewis}, I. and {Lumsden}, S. and
	{Percival}, W. and {Peterson}, B.~A. and {Sutherland}, W. and
	{Taylor}, K.},
    title = "{The 2dF Galaxy Redshift Survey: correlation functions, peculiar velocities and the matter density of the Universe}",
  journal = {\mnras},
   eprint = {astro-ph/0212375},
 keywords = {surveys, galaxies: distances and redshifts, galaxies: statistics, cosmological parameters, large-scale structure of Universe},
     year = 2003,
    month = nov,
   volume = 346,
    pages = {78-96},
      doi = {10.1046/j.1365-2966.2003.07063.x},
   adsurl = {http://adsabs.harvard.edu/abs/2003MNRAS.346...78H},
  adsnote = {Provided by the SAO/NASA Astrophysics Data System}
}


@ARTICLE{HuiGaztanaga2008,
   author = {{Hui}, L. and {Gazta{\~n}aga}, E. and {Loverde}, M.},
    title = "{Anisotropic magnification distortion of the 3D galaxy correlation. II. Fourier and redshift space}",
  journal = {\prd},
archivePrefix = "arXiv",
   eprint = {0710.4191},
 keywords = {Dark matter, Superclusters, large-scale structure of the Universe, Observational cosmology},
     year = 2008,
    month = mar,
   volume = 77,
   number = 6,
      eid = {063526},
    pages = {063526},
      doi = {10.1103/PhysRevD.77.063526},
   adsurl = {http://adsabs.harvard.edu/abs/2008PhRvD..77f3526H},
  adsnote = {Provided by the SAO/NASA Astrophysics Data System}
}


@ARTICLE{HuiGaztanaga2007,
   author = {{Hui}, L. and {Gazta{\~n}aga}, E. and {Loverde}, M.},
    title = "{Anisotropic magnification distortion of the 3D galaxy correlation. I. Real space}",
  journal = {\prd},
archivePrefix = "arXiv",
   eprint = {0706.1071},
 keywords = {Dark matter, Superclusters, large-scale structure of the Universe, Observational cosmology},
     year = 2007,
    month = nov,
   volume = 76,
   number = 10,
      eid = {103502},
    pages = {103502},
      doi = {10.1103/PhysRevD.76.103502},
   adsurl = {http://adsabs.harvard.edu/abs/2007PhRvD..76j3502H},
  adsnote = {Provided by the SAO/NASA Astrophysics Data System}
}


@ARTICLE{HuSugiyama1996,
   author = {{Hu}, W. and {Sugiyama}, N.},
    title = "{Small-Scale Cosmological Perturbations: an Analytic Approach}",
  journal = {\apj},
   eprint = {astro-ph/9510117},
 keywords = {COSMOLOGY: COSMIC MICROWAVE BACKGROUND, COSMOLOGY: LARGE-SCALE STRUCTURE OF UNIVERSE, COSMOLOGY: THEORY, COSMOLOGY: DARK MATTER, ELEMENTARY PARTICLES},
     year = 1996,
    month = nov,
   volume = 471,
    pages = {542},
      doi = {10.1086/177989},
   adsurl = {http://adsabs.harvard.edu/abs/1996ApJ...471..542H},
  adsnote = {Provided by the SAO/NASA Astrophysics Data System}
}


@BOOK{Ivezic2013,
   author = {{Ivezi{\'c}}, {\.Z}. and {Connolly}, A. and {VanderPlas}, J. and
	{Gray}, A.},
    title = "{Statistics, Data Mining, and Machine Learning in Astronomy}",
booktitle = {Statistics, Data Mining, and Machine Learning in Astronomy, by {\.Z}.~Ivezi{\'c} et al.~Princeton University Press, 2013},
     year = 2013,
    month = may,
   adsurl = {http://adsabs.harvard.edu/abs/2013sdmm.book.....I},
  adsnote = {Provided by the SAO/NASA Astrophysics Data System}
}



@ARTICLE{Kaiser1987,
   author = {{Kaiser}, N.},
    title = "{Clustering in real space and in redshift space}",
  journal = {\mnras},
 keywords = {Astronomical Models, Deep Space, Galactic Clusters, Red Shift, Density Distribution, Power Spectra, Velocity Distribution},
     year = 1987,
    month = jul,
   volume = 227,
    pages = {1-21},
   adsurl = {http://adsabs.harvard.edu/abs/1987MNRAS.227....1K},
  adsnote = {Provided by the SAO/NASA Astrophysics Data System}
}

@ARTICLE{KaiserWilson2000,
   author = {{Kaiser}, N. and {Wilson}, G. and {Luppino}, G.~A.},
    title = "{Large-Scale Cosmic Shear Measurements}",
  journal = {ArXiv Astrophysics e-prints},
   eprint = {astro-ph/0003338},
 keywords = {Astrophysics},
     year = 2000,
    month = mar,
   adsurl = {http://adsabs.harvard.edu/abs/2000astro.ph..3338K},
  adsnote = {Provided by the SAO/NASA Astrophysics Data System}
}



@ARTICLE{Kazin2010,
   author = {{Kazin}, E.~A. and {Blanton}, M.~R. and {Scoccimarro}, R. and
	{McBride}, C.~K. and {Berlind}, A.~A.},
    title = "{Regarding the Line-of-sight Baryonic Acoustic Feature in the Sloan Digital Sky Survey and Baryon Oscillation Spectroscopic Survey Luminous Red Galaxy Samples}",
  journal = {\apj},
archivePrefix = "arXiv",
   eprint = {1004.2244},
 keywords = {cosmology: observations, distance scale, galaxies: elliptical and lenticular, cD, large-scale structure of universe},
     year = 2010,
    month = aug,
   volume = 719,
    pages = {1032-1044},
      doi = {10.1088/0004-637X/719/2/1032},
   adsurl = {http://adsabs.harvard.edu/abs/2010ApJ...719.1032K},
  adsnote = {Provided by the SAO/NASA Astrophysics Data System}
}


@ARTICLE{KazinBlanton2010,
   author = {{Kazin}, E.~A. and {Blanton}, M.~R. and {Scoccimarro}, R. and
	{McBride}, C.~K. and {Berlind}, A.~A. and {Bahcall}, N.~A. and
	{Brinkmann}, J. and {Czarapata}, P. and {Frieman}, J.~A. and
	{Kent}, S.~M. and {Schneider}, D.~P. and {Szalay}, A.~S.},
    title = "{The Baryonic Acoustic Feature and Large-Scale Clustering in the Sloan Digital Sky Survey Luminous Red Galaxy Sample}",
  journal = {\apj},
archivePrefix = "arXiv",
   eprint = {0908.2598},
 primaryClass = "astro-ph.CO",
 keywords = {cosmology: observations, distance scale, galaxies: elliptical and lenticular, cD, large-scale structure of universe},
     year = 2010,
    month = feb,
   volume = 710,
    pages = {1444-1461},
      doi = {10.1088/0004-637X/710/2/1444},
   adsurl = {http://adsabs.harvard.edu/abs/2010ApJ...710.1444K},
  adsnote = {Provided by the SAO/NASA Astrophysics Data System}
}

@ARTICLE{KazinKoda2014,
   author = {{Kazin}, E.~A. and {Koda}, J. and {Blake}, C. and {Padmanabhan}, N. and
	{Brough}, S. and {Colless}, M. and {Contreras}, C. and {Couch}, W. and
	{Croom}, S. and {Croton}, D.~J. and {Davis}, T.~M. and {Drinkwater}, M.~J. and
	{Forster}, K. and {Gilbank}, D. and {Gladders}, M. and {Glazebrook}, K. and
	{Jelliffe}, B. and {Jurek}, R.~J. and {Li}, I.-h. and {Madore}, B. and
	{Martin}, D.~C. and {Pimbblet}, K. and {Poole}, G.~B. and {Pracy}, M. and
	{Sharp}, R. and {Wisnioski}, E. and {Woods}, D. and {Wyder}, T.~K. and
	{Yee}, H.~K.~C.},
    title = "{The WiggleZ Dark Energy Survey: improved distance measurements to z = 1 with reconstruction of the baryonic acoustic feature}",
  journal = {\mnras},
archivePrefix = "arXiv",
   eprint = {1401.0358},
 keywords = {cosmological parameters, distance scale, large-scale structure of the universe},
     year = 2014,
    month = jul,
   volume = 441,
    pages = {3524-3542},
      doi = {10.1093/mnras/stu778},
   adsurl = {http://adsabs.harvard.edu/abs/2014MNRAS.441.3524K},
  adsnote = {Provided by the SAO/NASA Astrophysics Data System}
}


@ARTICLE{KazinSanchezBlanton2012,
   author = {{Kazin}, E.~A. and {S{\'a}nchez}, A.~G. and {Blanton}, M.~R.
	},
    title = "{Improving measurements of H(z) and D$_{A}$ (z) by analysing clustering anisotropies}",
  journal = {\mnras},
archivePrefix = "arXiv",
   eprint = {1105.2037},
 keywords = {cosmological parameters, distance scale, large-scale structure of Universe},
     year = 2012,
    month = feb,
   volume = 419,
    pages = {3223-3243},
      doi = {10.1111/j.1365-2966.2011.19962.x},
   adsurl = {http://adsabs.harvard.edu/abs/2012MNRAS.419.3223K},
  adsnote = {Provided by the SAO/NASA Astrophysics Data System}
}

@ARTICLE{KazinSanchezCuesta2013,
   author = {{Kazin}, E.~A. and {S{\'a}nchez}, A.~G. and {Cuesta}, A.~J. and
	{Beutler}, F. and {Chuang}, C.-H. and {Eisenstein}, D.~J. and
	{Manera}, M. and {Padmanabhan}, N. and {Percival}, W.~J. and
	{Prada}, F. and {Ross}, A.~J. and {Seo}, H.-J. and {Tinker}, J. and
	{Tojeiro}, R. and {Xu}, X. and {Brinkmann}, J. and {Joel}, B. and
	{Nichol}, R.~C. and {Schlegel}, D.~J. and {Schneider}, D.~P. and
	{Thomas}, D.},
    title = "{The clustering of galaxies in the SDSS-III Baryon Oscillation Spectroscopic Survey: measuring H(z) and D$_{A}$(z) at z = 0.57 with clustering wedges}",
  journal = {\mnras},
archivePrefix = "arXiv",
   eprint = {1303.4391},
 keywords = {cosmological parameters, distance scale, large-scale structure of Universe},
     year = 2013,
    month = oct,
   volume = 435,
    pages = {64-86},
      doi = {10.1093/mnras/stt1261},
   adsurl = {http://adsabs.harvard.edu/abs/2013MNRAS.435...64K},
  adsnote = {Provided by the SAO/NASA Astrophysics Data System}
}


@ARTICLE{KeislerReichardt2011,
   author = {{Keisler}, R. and {Reichardt}, C.~L. and {Aird}, K.~A. and {Benson}, B.~A. and
	{Bleem}, L.~E. and {Carlstrom}, J.~E. and {Chang}, C.~L. and
	{Cho}, H.~M. and {Crawford}, T.~M. and {Crites}, A.~T. and {de Haan}, T. and
	{Dobbs}, M.~A. and {Dudley}, J. and {George}, E.~M. and {Halverson}, N.~W. and
	{Holder}, G.~P. and {Holzapfel}, W.~L. and {Hoover}, S. and
	{Hou}, Z. and {Hrubes}, J.~D. and {Joy}, M. and {Knox}, L. and
	{Lee}, A.~T. and {Leitch}, E.~M. and {Lueker}, M. and {Luong-Van}, D. and
	{McMahon}, J.~J. and {Mehl}, J. and {Meyer}, S.~S. and {Millea}, M. and
	{Mohr}, J.~J. and {Montroy}, T.~E. and {Natoli}, T. and {Padin}, S. and
	{Plagge}, T. and {Pryke}, C. and {Ruhl}, J.~E. and {Schaffer}, K.~K. and
	{Shaw}, L. and {Shirokoff}, E. and {Spieler}, H.~G. and {Staniszewski}, Z. and
	{Stark}, A.~A. and {Story}, K. and {van Engelen}, A. and {Vanderlinde}, K. and
	{Vieira}, J.~D. and {Williamson}, R. and {Zahn}, O.},
    title = "{A Measurement of the Damping Tail of the Cosmic Microwave Background Power Spectrum with the South Pole Telescope}",
  journal = {\apj},
archivePrefix = "arXiv",
   eprint = {1105.3182},
 keywords = {cosmic background radiation, cosmological parameters, cosmology: observations},
     year = 2011,
    month = dec,
   volume = 743,
      eid = {28},
    pages = {28},
      doi = {10.1088/0004-637X/743/1/28},
   adsurl = {http://adsabs.harvard.edu/abs/2011ApJ...743...28K},
  adsnote = {Provided by the SAO/NASA Astrophysics Data System}
}
@ARTICLE{KellyFan2008,
   author = {{Kelly}, B.~C. and {Fan}, X. and {Vestergaard}, M.},
    title = "{A Flexible Method of Estimating Luminosity Functions}",
  journal = {\apj},
archivePrefix = "arXiv",
   eprint = {0805.2946},
 keywords = {methods: data analysis, methods: numerical, methods: statistical },
     year = 2008,
    month = aug,
   volume = 682,
      eid = {874-895},
    pages = {874-895},
      doi = {10.1086/589501},
   adsurl = {http://adsabs.harvard.edu/abs/2008ApJ...682..874K},
  adsnote = {Provided by the SAO/NASA Astrophysics Data System}
}

@ARTICLE{KesslerBeckerCinabro2009,
   author = {{Kessler}, R. and {Becker}, A.~C. and {Cinabro}, D. and {Vanderplas}, J. and
	{Frieman}, J.~A. and {Marriner}, J. and {Davis}, T.~M. and {Dilday}, B. and
	{Holtzman}, J. and {Jha}, S.~W. and {Lampeitl}, H. and {Sako}, M. and
	{Smith}, M. and {Zheng}, C. and {Nichol}, R.~C. and {Bassett}, B. and
	{Bender}, R. and {Depoy}, D.~L. and {Doi}, M. and {Elson}, E. and
	{Filippenko}, A.~V. and {Foley}, R.~J. and {Garnavich}, P.~M. and
	{Hopp}, U. and {Ihara}, Y. and {Ketzeback}, W. and {Kollatschny}, W. and
	{Konishi}, K. and {Marshall}, J.~L. and {McMillan}, R.~J. and
	{Miknaitis}, G. and {Morokuma}, T. and {M{\"o}rtsell}, E. and
	{Pan}, K. and {Prieto}, J.~L. and {Richmond}, M.~W. and {Riess}, A.~G. and
	{Romani}, R. and {Schneider}, D.~P. and {Sollerman}, J. and
	{Takanashi}, N. and {Tokita}, K. and {van der Heyden}, K. and
	{Wheeler}, J.~C. and {Yasuda}, N. and {York}, D.},
    title = "{First-Year Sloan Digital Sky Survey-II Supernova Results: Hubble Diagram and Cosmological Parameters}",
  journal = {\apjs},
archivePrefix = "arXiv",
   eprint = {0908.4274},
 keywords = {cosmological parameters, cosmology: observations, distance scale, methods: data analysis, supernovae: general, surveys},
     year = 2009,
    month = nov,
   volume = 185,
    pages = {32-84},
      doi = {10.1088/0067-0049/185/1/32},
   adsurl = {http://adsabs.harvard.edu/abs/2009ApJS..185...32K},
  adsnote = {Provided by the SAO/NASA Astrophysics Data System}
}

@ARTICLE{KimParkGott2009,
   author = {{Kim}, J. and {Park}, C. and {Gott}, III, J.~R. and {Dubinski}, J.
	},
    title = "{The Horizon Run N-Body Simulation: Baryon Acoustic Oscillations and Topology of Large-scale Structure of the Universe}",
  journal = {\apj},
archivePrefix = "arXiv",
   eprint = {0812.1392},
 keywords = {cosmological parameters, cosmology: theory, large-scale structure of universe, galaxies: formation, methods: N-body simulations},
     year = 2009,
    month = aug,
   volume = 701,
      eid = {1547},
    pages = {1547-1559},
      doi = {10.1088/0004-637X/701/2/1547},
   adsurl = {http://adsabs.harvard.edu/abs/2009ApJ...701.1547K},
  adsnote = {Provided by the SAO/NASA Astrophysics Data System}
}
@ARTICLE{KimParkRossiLee2011,
   author = {{Kim}, J. and {Park}, C. and {Rossi}, G. and {Lee}, S.~M. and
	{Gott}, III, J.~R.},
    title = "{The New Horizon Run Cosmological N-Body Simulations}",
  journal = {Journal of Korean Astronomical Society},
archivePrefix = "arXiv",
   eprint = {1112.1754},
 primaryClass = "astro-ph.CO",
 keywords = {cosmological parameters, cosmology: theory, large-scale structure of the Universe, galaxies: formation, methods: N-body simulations},
     year = 2011,
    month = dec,
   volume = 44,
    pages = {217-234},
      doi = {10.5303/JKAS.2011.44.6.217},
   adsurl = {http://adsabs.harvard.edu/abs/2011JKAS...44..217K},
  adsnote = {Provided by the SAO/NASA Astrophysics Data System}
}
@book{klein2005survival,
  title={Survival analysis: techniques for censored and truncated data},
  author={Klein, John P and Moeschberger, Melvin L},
  year={2005},
  publisher={Springer Science \& Business Media}
}

@ARTICLE{KodaBlake2015,
   author = {{Koda}, J. and {Blake}, C. and {Beutler}, F. and {Kazin}, E. and 
	{Marin}, F.},
    title = "{Fast and accurate mock catalogue generation for low-mass galaxies}",
  journal = {\mnras},
archivePrefix = "arXiv",
   eprint = {1507.05329},
 keywords = {methods: numerical, cosmology: theory, large-scale structure of Universe},
     year = 2016,
    month = jun,
   volume = 459,
    pages = {2118-2129},
      doi = {10.1093/mnras/stw763},
   adsurl = {http://adsabs.harvard.edu/abs/2016MNRAS.459.2118K},
  adsnote = {Provided by the SAO/NASA Astrophysics Data System}
}


@ARTICLE{Komatsu2009,
   author = {{Komatsu}, E. and {Dunkley}, J. and {Nolta}, M.~R. and {Bennett}, C.~L. and
	{Gold}, B. and {Hinshaw}, G. and {Jarosik}, N. and {Larson}, D. and
	{Limon}, M. and {Page}, L. and {Spergel}, D.~N. and {Halpern}, M. and
	{Hill}, R.~S. and {Kogut}, A. and {Meyer}, S.~S. and {Tucker}, G.~S. and
	{Weiland}, J.~L. and {Wollack}, E. and {Wright}, E.~L.},
    title = "{Five-Year Wilkinson Microwave Anisotropy Probe Observations: Cosmological Interpretation}",
  journal = {\apjs},
archivePrefix = "arXiv",
   eprint = {0803.0547},
 keywords = {cosmic microwave background, cosmology: observations, dark matter, early universe, instrumentation: detectors, space vehicles: instruments, telescopes},
     year = 2009,
    month = feb,
   volume = 180,
    pages = {330-376},
      doi = {10.1088/0067-0049/180/2/330},
   adsurl = {http://adsabs.harvard.edu/abs/2009ApJS..180..330K},
  adsnote = {Provided by the SAO/NASA Astrophysics Data System}
}
@ARTICLE{Komatsu2011,
   author = {{Komatsu}, E. and {Smith}, K.~M. and {Dunkley}, J. and {Bennett}, C.~L. and
	{Gold}, B. and {Hinshaw}, G. and {Jarosik}, N. and {Larson}, D. and
	{Nolta}, M.~R. and {Page}, L. and {Spergel}, D.~N. and {Halpern}, M. and
	{Hill}, R.~S. and {Kogut}, A. and {Limon}, M. and {Meyer}, S.~S. and
	{Odegard}, N. and {Tucker}, G.~S. and {Weiland}, J.~L. and {Wollack}, E. and
	{Wright}, E.~L.},
    title = "{Seven-year Wilkinson Microwave Anisotropy Probe (WMAP) Observations: Cosmological Interpretation}",
  journal = {\apjs},
archivePrefix = "arXiv",
   eprint = {1001.4538},
 primaryClass = "astro-ph.CO",
 keywords = {cosmic background radiation, cosmology: observations, dark matter, early universe, space vehicles},
     year = 2011,
    month = feb,
   volume = 192,
      eid = {18},
    pages = {18},
      doi = {10.1088/0067-0049/192/2/18},
   adsurl = {http://adsabs.harvard.edu/abs/2011ApJS..192...18K},
  adsnote = {Provided by the SAO/NASA Astrophysics Data System}
}


@ARTICLE{KowalskiRubin2008,
   author = {{Kowalski}, M. and {Rubin}, D. and {Aldering}, G. and {Agostinho}, R.~J. and
	{Amadon}, A. and {Amanullah}, R. and {Balland}, C. and {Barbary}, K. and
	{Blanc}, G. and {Challis}, P.~J. and {Conley}, A. and {Connolly}, N.~V. and
	{Covarrubias}, R. and {Dawson}, K.~S. and {Deustua}, S.~E. and
	{Ellis}, R. and {Fabbro}, S. and {Fadeyev}, V. and {Fan}, X. and
	{Farris}, B. and {Folatelli}, G. and {Frye}, B.~L. and {Garavini}, G. and
	{Gates}, E.~L. and {Germany}, L. and {Goldhaber}, G. and {Goldman}, B. and
	{Goobar}, A. and {Groom}, D.~E. and {Haissinski}, J. and {Hardin}, D. and
	{Hook}, I. and {Kent}, S. and {Kim}, A.~G. and {Knop}, R.~A. and
	{Lidman}, C. and {Linder}, E.~V. and {Mendez}, J. and {Meyers}, J. and
	{Miller}, G.~J. and {Moniez}, M. and {Mour{\~a}o}, A.~M. and
	{Newberg}, H. and {Nobili}, S. and {Nugent}, P.~E. and {Pain}, R. and
	{Perdereau}, O. and {Perlmutter}, S. and {Phillips}, M.~M. and
	{Prasad}, V. and {Quimby}, R. and {Regnault}, N. and {Rich}, J. and
	{Rubenstein}, E.~P. and {Ruiz-Lapuente}, P. and {Santos}, F.~D. and
	{Schaefer}, B.~E. and {Schommer}, R.~A. and {Smith}, R.~C. and
	{Soderberg}, A.~M. and {Spadafora}, A.~L. and {Strolger}, L.-G. and
	{Strovink}, M. and {Suntzeff}, N.~B. and {Suzuki}, N. and {Thomas}, R.~C. and
	{Walton}, N.~A. and {Wang}, L. and {Wood-Vasey}, W.~M. and {Yun}, J.~L. and
	{Supernova Cosmology Project}},
    title = "{Improved Cosmological Constraints from New, Old, and Combined Supernova Data Sets}",
  journal = {\apj},
archivePrefix = "arXiv",
   eprint = {0804.4142},
 keywords = {Cosmology: Cosmological Parameters, Cosmology: Observations, Stars: Supernovae: General},
     year = 2008,
    month = oct,
   volume = 686,
    pages = {749-778},
      doi = {10.1086/589937},
   adsurl = {http://adsabs.harvard.edu/abs/2008ApJ...686..749K},
  adsnote = {Provided by the SAO/NASA Astrophysics Data System}
}

@INPROCEEDINGS{Lahav2001,
   author = {{Lahav}, O.},
    title = "{Observational Tests for the Cosmological Principle and World Models}",
booktitle = {NATO ASIC Proc. 565: Structure Formation in the Universe},
     year = 2001,
   eprint = {astro-ph/0001061},
   editor = {{Crittenden}, R.~G. and {Turok}, N.~G.},
    pages = {131},
   adsurl = {http://adsabs.harvard.edu/abs/2001sfu..conf..131L},
  adsnote = {Provided by the SAO/NASA Astrophysics Data System}
}

@ARTICLE{Landy2002,
   author = {{Landy}, S.~D.},
    title = "{The Pairwise Velocity Distribution Function of Galaxies in the Las Campanas Redshift Survey, Two-Degree Field Survey, and Sloan Digital Sky Survey}",
  journal = {\apjl},
   eprint = {astro-ph/0202130},
 keywords = {Cosmology: Cosmological Parameters, Cosmology: Observations, Galaxies: Distances and Redshifts, Cosmology: Large-Scale Structure of Universe, Methods: Analytical, Methods: Data Analysis},
     year = 2002,
    month = mar,
   volume = 567,
    pages = {L1-L1},
      doi = {10.1086/339900},
   adsurl = {http://adsabs.harvard.edu/abs/2002ApJ...567L...1L},
  adsnote = {Provided by the SAO/NASA Astrophysics Data System}
}

@ARTICLE{LandySzalay1993,
   author = {{Landy}, S.~D. and {Szalay}, A.~S.},
    title = "{Bias and variance of angular correlation functions}",
  journal = {\apj},
 keywords = {Angular Correlation, Bias, Computational Astrophysics, Galactic Clusters, Variance, Correlation Coefficients, Monte Carlo Method, Random Variables},
     year = 1993,
    month = jul,
   volume = 412,
    pages = {64-71},
      doi = {10.1086/172900},
   adsurl = {http://adsabs.harvard.edu/abs/1993ApJ...412...64L},
  adsnote = {Provided by the SAO/NASA Astrophysics Data System}
}

@ONLINE{LegnerMathigones,
author = {Legner, Philipp},
title = {Dimensions and Distortions},
month = jun,
year = {2015},
url = {http://world.mathigon.org/Dimensions_and_Distortions}
}

@ARTICLE{Lewis2000,
   author = {{Lewis}, A. and {Challinor}, A. and {Lasenby}, A.},
    title = "{Efficient Computation of Cosmic Microwave Background Anisotropies in Closed Friedmann-Robertson-Walker Models}",
  journal = {\apj},
   eprint = {astro-ph/9911177},
 keywords = {Cosmology: Cosmic Microwave Background, Cosmology: Theory},
     year = 2000,
    month = aug,
   volume = 538,
    pages = {473-476},
      doi = {10.1086/309179},
   adsurl = {http://adsabs.harvard.edu/abs/2000ApJ...538..473L},
  adsnote = {Provided by the SAO/NASA Astrophysics Data System}
}

@ARTICLE{LewisBridle2002,
   author = {{Lewis}, A. and {Bridle}, S.},
    title = "{Cosmological parameters from CMB and other data: A Monte Carlo approach}",
  journal = {\prd},
   eprint = {astro-ph/0205436},
 keywords = {Observational cosmology, Applications of Monte Carlo methods, Neutrino mass and mixing},
     year = 2002,
    month = nov,
   volume = 66,
   number = 10,
      eid = {103511},
    pages = {103511},
      doi = {10.1103/PhysRevD.66.103511},
   adsurl = {http://adsabs.harvard.edu/abs/2002PhRvD..66j3511L},
  adsnote = {Provided by the SAO/NASA Astrophysics Data System}
}
@ARTICLE{LeviBebek2013,
   author = {{Levi}, M. and {Bebek}, C. and {Beers}, T. and {Blum}, R. and
	{Cahn}, R. and {Eisenstein}, D. and {Flaugher}, B. and {Honscheid}, K. and
	{Kron}, R. and {Lahav}, O. and {McDonald}, P. and {Roe}, N. and
	{Schlegel}, D. and {representing the DESI collaboration}},
    title = "{The DESI Experiment, a whitepaper for Snowmass 2013}",
  journal = {ArXiv e-prints},
archivePrefix = "arXiv",
   eprint = {1308.0847},
 primaryClass = "astro-ph.CO",
 keywords = {Astrophysics - Cosmology and Extragalactic Astrophysics, Astrophysics - Instrumentation and Methods for Astrophysics},
     year = 2013,
    month = aug,
   adsurl = {http://adsabs.harvard.edu/abs/2013arXiv1308.0847L},
  adsnote = {Provided by the SAO/NASA Astrophysics Data System}
}
@article{Liang2010,
author = { Faming  Liang  },
title = {A double Metropolis–Hastings sampler for spatial models with intractable normalizing constants},
journal = {Journal of Statistical Computation and Simulation},
volume = {80},
number = {9},
pages = {1007-1022},
year = {2010},
doi = {10.1080/00949650902882162},
URL = {http://dx.doi.org/10.1080/00949650902882162},
}
@ARTICLE{Linder2003,
   author = {{Linder}, E.~V.},
    title = "{Exploring the Expansion History of the Universe}",
  journal = {Physical Review Letters},
   eprint = {astro-ph/0208512},
 keywords = {Cosmology, Gravity in more than four dimensions Kaluza-Klein theory unified field theories, alternative theories of gravity},
     year = 2003,
    month = mar,
   volume = 90,
   number = 9,
      eid = {091301},
    pages = {091301},
      doi = {10.1103/PhysRevLett.90.091301},
   adsurl = {http://adsabs.harvard.edu/abs/2003PhRvL..90i1301L},
  adsnote = {Provided by the SAO/NASA Astrophysics Data System}
}

@ARTICLE{Linder2005,
   author = {{Linder}, E.~V.},
    title = "{Cosmic growth history and expansion history}",
  journal = {\prd},
   eprint = {astro-ph/0507263},
 keywords = {Cosmology},
     year = 2005,
    month = aug,
   volume = 72,
   number = 4,
      eid = {043529},
    pages = {043529},
      doi = {10.1103/PhysRevD.72.043529},
   adsurl = {http://adsabs.harvard.edu/abs/2005PhRvD..72d3529L},
  adsnote = {Provided by the SAO/NASA Astrophysics Data System}
}

@INPROCEEDINGS{Loredo2004,
   author = {{Loredo}, T.~J.},
    title = "{Accounting for Source Uncertainties in Analyses of Astronomical Survey Data}",
 keywords = {Inference methods, Astronomical catalogs atlases sky surveys databases retrieval systems archives etc.},
booktitle = {American Institute of Physics Conference Series},
     year = 2004,
   series = {American Institute of Physics Conference Series},
   volume = 735,
   eprint = {astro-ph/0409387},
   editor = {{Fischer}, R. and {Preuss}, R. and {Toussaint}, U.~V.},
    month = nov,
    pages = {195-206},
      doi = {10.1063/1.1835214},
   adsurl = {http://adsabs.harvard.edu/abs/2004AIPC..735..195L},
  adsnote = {Provided by the SAO/NASA Astrophysics Data System}
}

@ARTICLE{ManeraScoccimarro2013,
   author = {{Manera}, M. and {Scoccimarro}, R. and {Percival}, W.~J. and
	{Samushia}, L. and {McBride}, C.~K. and {Ross}, A.~J. and {Sheth}, R.~K. and
	{White}, M. and {Reid}, B.~A. and {S{\'a}nchez}, A.~G. and {de Putter}, R. and
	{Xu}, X. and {Berlind}, A.~A. and {Brinkmann}, J. and {Maraston}, C. and
	{Nichol}, B. and {Montesano}, F. and {Padmanabhan}, N. and {Skibba}, R.~A. and
	{Tojeiro}, R. and {Weaver}, B.~A.},
    title = "{The clustering of galaxies in the SDSS-III Baryon Oscillation Spectroscopic Survey: a large sample of mock galaxy catalogues}",
  journal = {\mnras},
archivePrefix = "arXiv",
   eprint = {1203.6609},
 keywords = {galaxies: haloes, large-scale structure of Universe},
     year = 2013,
    month = jan,
   volume = 428,
    pages = {1036-1054},
      doi = {10.1093/mnras/sts084},
   adsurl = {http://adsabs.harvard.edu/abs/2013MNRAS.428.1036M},
  adsnote = {Provided by the SAO/NASA Astrophysics Data System}
}
@book{Markov1988theory,
  title={The Theory of Algorithms},
  author={Markov, A.A. and Nagorny, N.M.},
  isbn={9789027727732},
  lccn={88017582},
  series={Mathematics and its Applications},
  url={https://books.google.com.au/books?id=V0-fCsq1r4wC},
  year={1988},
  publisher={Springer Netherlands}
}

@ARTICLE{MarinBeutlerBlake2016,
   author = {{Mar{\'{\i}}n}, F.~A. and {Beutler}, F. and {Blake}, C. and 
	{Koda}, J. and {Kazin}, E. and {Schneider}, D.~P.},
    title = "{The BOSS-WiggleZ overlap region - II. Dependence of cosmic growth on galaxy type}",
  journal = {\mnras},
archivePrefix = "arXiv",
   eprint = {1506.03901},
 keywords = {cosmological parameters, cosmology: observations, large-scale structure of Universe},
     year = 2016,
    month = feb,
   volume = 455,
    pages = {4046-4056},
      doi = {10.1093/mnras/stv2502},
   adsurl = {http://adsabs.harvard.edu/abs/2016MNRAS.455.4046M},
  adsnote = {Provided by the SAO/NASA Astrophysics Data System}
}


@ARTICLE{Martinez2009,
   author = {{Mart{\'{\i}}nez}, V.~J. and {Arnalte-Mur}, P. and {Saar}, E. and
	{de la Cruz}, P. and {Pons-Border{\'{\i}}a}, M.~J. and {Paredes}, S. and
	{Fern{\'a}ndez-Soto}, A. and {Tempel}, E.},
    title = "{Reliability of the Detection of the Baryon Acoustic Peak}",
  journal = {\apjl},
archivePrefix = "arXiv",
   eprint = {0812.2154},
 keywords = {cosmology: observations, galaxies: clusters: general, galaxies: distances and redshifts, galaxies: statistics, large-scale structure of universe},
     year = 2009,
    month = may,
   volume = 696,
    pages = {L93-L97},
      doi = {10.1088/0004-637X/696/1/L93},
   adsurl = {http://adsabs.harvard.edu/abs/2009ApJ...696L..93M},
  adsnote = {Provided by the SAO/NASA Astrophysics Data System}
}
@ARTICLE{MarshallTananbaum1983,
   author = {{Marshall}, H.~L. and {Tananbaum}, H. and {Avni}, Y. and {Zamorani}, G.
	},
    title = "{Analysis of complete quasar samples to obtain parameters of luminosity and evolution functions}",
  journal = {\apj},
 keywords = {Luminosity, Quasars, X Ray Astronomy, Astronomical Models, Confidence Limits, Evolution (Development), Maximum Likelihood Estimates, Red Shift},
     year = 1983,
    month = jun,
   volume = 269,
    pages = {35-41},
      doi = {10.1086/161016},
   adsurl = {http://adsabs.harvard.edu/abs/1983ApJ...269...35M},
  adsnote = {Provided by the SAO/NASA Astrophysics Data System}
}
@ARTICLE{Matsubara2004,
   author = {{Matsubara}, T.},
    title = "{Correlation Function in Deep Redshift Space as a Cosmological Probe}",
  journal = {\apj},
   eprint = {astro-ph/0408349},
 keywords = {Cosmology: Theory, Galaxies: Clusters: General, Galaxies: Distances and Redshifts, Cosmology: Large-Scale Structure of Universe, Methods: Statistical},
     year = 2004,
    month = nov,
   volume = 615,
    pages = {573-585},
      doi = {10.1086/424561},
   adsurl = {http://adsabs.harvard.edu/abs/2004ApJ...615..573M},
  adsnote = {Provided by the SAO/NASA Astrophysics Data System}
}
@ARTICLE{Matsubara2008Resumming,
   author = {{Matsubara}, T.},
    title = "{Resumming cosmological perturbations via the Lagrangian picture: One-loop results in real space and in redshift space}",
  journal = {\prd},
archivePrefix = "arXiv",
   eprint = {0711.2521},
 keywords = {Cosmology, Approximations and expansions, Dark matter, Dark energy},
     year = 2008,
    month = mar,
   volume = 77,
   number = 6,
      eid = {063530},
    pages = {063530},
      doi = {10.1103/PhysRevD.77.063530},
   adsurl = {http://adsabs.harvard.edu/abs/2008PhRvD..77f3530M},
  adsnote = {Provided by the SAO/NASA Astrophysics Data System}
}

@ARTICLE{Matsubara2008,
   author = {{Matsubara}, T.},
    title = "{Nonlinear perturbation theory with halo bias and redshift-space distortions via the Lagrangian picture}",
  journal = {\prd},
archivePrefix = "arXiv",
   eprint = {0807.1733},
 keywords = {Cosmology, Dark matter, Dark energy, Galaxy groups clusters and superclusters, large scale structure of the Universe},
     year = 2008,
    month = oct,
   volume = 78,
   number = 8,
      eid = {083519},
    pages = {083519},
      doi = {10.1103/PhysRevD.78.083519},
   adsurl = {http://adsabs.harvard.edu/abs/2008PhRvD..78h3519M},
  adsnote = {Provided by the SAO/NASA Astrophysics Data System}
}
@ARTICLE{Matsubara2000,
   author = {{Matsubara}, T.},
    title = "{The Gravitational Lensing in Redshift-Space Correlation Functions of Galaxies and Quasars}",
  journal = {\apjl},
   eprint = {astro-ph/0004392},
 keywords = {Cosmology: Theory, Cosmology: Gravitational Lensing, Cosmology: Large-Scale Structure of Universe, Methods: Statistical},
     year = 2000,
    month = jul,
   volume = 537,
    pages = {L77-L80},
      doi = {10.1086/312762},
   adsurl = {http://adsabs.harvard.edu/abs/2000ApJ...537L..77M},
  adsnote = {Provided by the SAO/NASA Astrophysics Data System}
}
@ARTICLE{Matsubara2000Correlation,
   author = {{Matsubara}, T.},
    title = "{The Correlation Function in Redshift Space: General Formula with Wide-Angle Effects and Cosmological Distortions}",
  journal = {\apj},
   eprint = {astro-ph/9908056},
 keywords = {Cosmology: Theory, Galaxies: Distances and Redshifts, Galaxies: Quasars: General, Cosmology: Large-Scale Structure of Universe, Methods: Statistical},
     year = 2000,
    month = may,
   volume = 535,
    pages = {1-23},
      doi = {10.1086/308827},
   adsurl = {http://adsabs.harvard.edu/abs/2000ApJ...535....1M},
  adsnote = {Provided by the SAO/NASA Astrophysics Data System}
}


@INPROCEEDINGS{McBride2011,
   author = {{McBride}, C. and {Berlind}, A.~A. and {Scoccimarro}, R. and
	{Manera}, M. and {Tinker}, J. and {Busha}, M. and {Wechsler}, R. and
	{Wu}, H. and {van den Bosch}, F.},
    title = "{LasDamas: Accurate Determination of the Abundance of Galaxy Clusters}",
booktitle = {American Astronomical Society Meeting Abstracts 217},
     year = 2011,
   series = {Bulletin of the American Astronomical Society},
   volume = 43,
    month = jan,
    pages = {249.07},
   adsurl = {http://adsabs.harvard.edu/abs/2011AAS...21724907M},
  adsnote = {Provided by the SAO/NASA Astrophysics Data System}
}


@ARTICLE{MehtaSeoEckel2011,
   author = {{Mehta}, K.~T. and {Seo}, H.-J. and {Eckel}, J. and {Eisenstein}, D.~J. and
	{Metchnik}, M. and {Pinto}, P. and {Xu}, X.},
    title = "{Galaxy Bias and Its Effects on the Baryon Acoustic Oscillation Measurements}",
  journal = {\apj},
archivePrefix = "arXiv",
   eprint = {1104.1178},
 primaryClass = "astro-ph.CO",
 keywords = {cosmological parameters, cosmology: theory, dark energy, dark matter, distance scale, large-scale structure of universe},
     year = 2011,
    month = jun,
   volume = 734,
      eid = {94},
    pages = {94},
      doi = {10.1088/0004-637X/734/2/94},
   adsurl = {http://adsabs.harvard.edu/abs/2011ApJ...734...94M},
  adsnote = {Provided by the SAO/NASA Astrophysics Data System}
}


@ARTICLE{MeiksinWhitePeacock1999,
   author = {{Meiksin}, A. and {White}, M. and {Peacock}, J.~A.},
    title = "{Baryonic signatures in large-scale structure}",
  journal = {\mnras},
   eprint = {astro-ph/9812214},
 keywords = {COSMIC MICROWAVE BACKGROUND, COSMOLOGY: THEORY, LARGE-SCALE STRUCTURE OF UNIVERSE},
     year = 1999,
    month = apr,
   volume = 304,
    pages = {851-864},
      doi = {10.1046/j.1365-8711.1999.02369.x},
   adsurl = {http://adsabs.harvard.edu/abs/1999MNRAS.304..851M},
  adsnote = {Provided by the SAO/NASA Astrophysics Data System}
}

@ARTICLE{MessengerVeitch2013,
   author = {{Messenger}, C. and {Veitch}, J.},
    title = "{Avoiding selection bias in gravitational wave astronomy}",
  journal = {New Journal of Physics},
archivePrefix = "arXiv",
   eprint = {1206.3461},
 primaryClass = "astro-ph.IM",
     year = 2013,
    month = may,
   volume = 15,
   number = 5,
      eid = {053027},
    pages = {053027},
      doi = {10.1088/1367-2630/15/5/053027},
   adsurl = {http://ukads.nottingham.ac.uk/abs/2013NJPh...15e3027M},
  adsnote = {Provided by the SAO/NASA Astrophysics Data System}
}

@ARTICLE{MillerNichol2001,
   author = {{Miller}, C.~J. and {Nichol}, R.~C. and {Batuski}, D.~J.},
    title = "{Possible Detection of Baryonic Fluctuations in the Large-Scale Structure Power Spectrum}",
  journal = {\apj},
   eprint = {astro-ph/0103018},
 keywords = {Cosmology: Cosmological Parameters, Galaxies: Clusters: General, Galaxies: General, Cosmology: Large-Scale Structure of Universe, Methods: Statistical},
     year = 2001,
    month = jul,
   volume = 555,
    pages = {68-73},
      doi = {10.1086/321468},
   adsurl = {http://adsabs.harvard.edu/abs/2001ApJ...555...68M},
  adsnote = {Provided by the SAO/NASA Astrophysics Data System}
}
@article{MollerPettitt2006,
author = {M{\o}ller, J. and Pettitt, A. N. and Reeves, R. and Berthelsen, K. K.},
title = {An efficient Markov chain Monte Carlo method for distributions with intractable normalising constants},
journal = {Biometrika},
volume = {93},
number = {2},
pages = {451},
year = {2006},
doi = {10.1093/biomet/93.2.451},
URL = {http://dx.doi.org/10.1093/biomet/93.2.451},
}

@ARTICLE{MoessnerJain1998,
   author = {{Moessner}, R. and {Jain}, B. and {Villumsen}, J.~V.},
    title = "{The effect of weak lensing on the angular correlation function of faint galaxies}",
  journal = {\mnras},
   eprint = {astro-ph/9708271},
 keywords = {Angular Correlation, Faint Objects, Galactic Clusters, Cosmology, Power Spectra, Dark Matter},
     year = 1998,
    month = feb,
   volume = 294,
    pages = {291},
      doi = {10.1046/j.1365-8711.1998.01225.x},
   adsurl = {http://adsabs.harvard.edu/abs/1998MNRAS.294..291M},
  adsnote = {Provided by the SAO/NASA Astrophysics Data System}
}


@ARTICLE{MontesanoSanchezPhelps2012,
   author = {{Montesano}, F. and {S{\'a}nchez}, A.~G. and {Phleps}, S.},
    title = "{Cosmological implications from the full shape of the large-scale power spectrum of the SDSS DR7 luminous red galaxies}",
  journal = {\mnras},
archivePrefix = "arXiv",
   eprint = {1107.4097},
 primaryClass = "astro-ph.CO",
 keywords = {cosmological parameters, cosmology: observations, cosmology: theory, large-scale structure of Universe},
     year = 2012,
    month = apr,
   volume = 421,
    pages = {2656-2681},
      doi = {10.1111/j.1365-2966.2012.20497.x},
   adsurl = {http://adsabs.harvard.edu/abs/2012MNRAS.421.2656M},
  adsnote = {Provided by the SAO/NASA Astrophysics Data System}
}

@ARTICLE{Mortonson2009,
   author = {{Mortonson}, M.~J.},
    title = "{Testing flatness of the universe with probes of cosmic distances and growth}",
  journal = {\prd},
archivePrefix = "arXiv",
   eprint = {0908.0346},
 primaryClass = "astro-ph.CO",
 keywords = {Particle-theory and field-theory models of the early Universe, Dark energy, Galaxy clusters, Observational cosmology},
     year = 2009,
    month = dec,
   volume = 80,
   number = 12,
      eid = {123504},
    pages = {123504},
      doi = {10.1103/PhysRevD.80.123504},
   adsurl = {http://adsabs.harvard.edu/abs/2009PhRvD..80l3504M},
  adsnote = {Provided by the SAO/NASA Astrophysics Data System}
}
@ARTICLE{MurrayGhahramani2012,
   author = {{Murray}, I. and {Ghahramani}, Z. and {MacKay}, D.},
    title = "{MCMC for doubly-intractable distributions}",
  journal = {ArXiv e-prints},
archivePrefix = "arXiv",
   eprint = {1206.6848},
 primaryClass = "stat.CO",
 keywords = {Statistics - Computation, Statistics - Methodology},
     year = 2012,
    month = jun,
   adsurl = {http://adsabs.harvard.edu/abs/2012arXiv1206.6848M},
  adsnote = {Provided by the SAO/NASA Astrophysics Data System}
}


@ARTICLE{Narayan1989,
   author = {{Narayan}, R.},
    title = "{Gravitational lensing and quasar-galaxy correlations}",
  journal = {\apjl},
 keywords = {Dark Matter, Galactic Structure, Gravitational Lenses, Quasars, Red Shift, Black Holes (Astronomy), Statistical Correlation, Stellar Luminosity},
     year = 1989,
    month = apr,
   volume = 339,
    pages = {L53-L56},
      doi = {10.1086/185418},
   adsurl = {http://adsabs.harvard.edu/abs/1989ApJ...339L..53N},
  adsnote = {Provided by the SAO/NASA Astrophysics Data System}
}


@ARTICLE{NohWhitePadmanabhan2009,
   author = {{Noh}, Y. and {White}, M. and {Padmanabhan}, N.},
    title = "{Reconstructing baryon oscillations}",
  journal = {\prd},
archivePrefix = "arXiv",
   eprint = {0909.1802},
 keywords = {Particle-theory and field-theory models of the early Universe},
     year = 2009,
    month = dec,
   volume = 80,
   number = 12,
      eid = {123501},
    pages = {123501},
      doi = {10.1103/PhysRevD.80.123501},
   adsurl = {http://adsabs.harvard.edu/abs/2009PhRvD..80l3501N},
  adsnote = {Provided by the SAO/NASA Astrophysics Data System}
}


@ARTICLE{NusserDekel1992,
   author = {{Nusser}, A. and {Dekel}, A.},
    title = "{Tracing large-scale fluctuations back in time}",
  journal = {\apj},
 keywords = {Cosmology, Dark Matter, Galactic Clusters, Gravitation, Distribution Functions, Potential Flow, Power Spectra, Spatial Distribution, Velocity Distribution},
     year = 1992,
    month = jun,
   volume = 391,
    pages = {443-452},
      doi = {10.1086/171360},
   adsurl = {http://adsabs.harvard.edu/abs/1992ApJ...391..443N},
  adsnote = {Provided by the SAO/NASA Astrophysics Data System}
}

@ARTICLE{OconnellEisenstein2015,
   author = {{O'Connell}, R. and {Eisenstein}, D. and {Vargas}, M. and {Ho}, S. and 
	{Padmanabhan}, N.},
    title = "{Large Covariance Matrices: Smooth Models from the 2-Point Correlation Function}",
  journal = {ArXiv e-prints},
archivePrefix = "arXiv",
   eprint = {1510.01740},
 keywords = {Astrophysics - Cosmology and Nongalactic Astrophysics},
     year = 2015,
    month = oct,
   adsurl = {http://adsabs.harvard.edu/abs/2015arXiv151001740O},
  adsnote = {Provided by the SAO/NASA Astrophysics Data System}
}



@ARTICLE{OkumuraMatsubara2008,
   author = {{Okumura}, T. and {Matsubara}, T. and {Eisenstein}, D.~J. and
	{Kayo}, I. and {Hikage}, C. and {Szalay}, A.~S. and {Schneider}, D.~P.
	},
    title = "{Large-Scale Anisotropic Correlation Function of SDSS Luminous Red Galaxies}",
  journal = {\apj},
archivePrefix = "arXiv",
   eprint = {0711.3640},
 keywords = {Cosmology: Cosmological Parameters, Cosmology: Observations, Galaxies: Distances and Redshifts, Cosmology: Large-Scale Structure of Universe, Methods: Statistical},
     year = 2008,
    month = apr,
   volume = 676,
    pages = {889-898},
      doi = {10.1086/528951},
   adsurl = {http://adsabs.harvard.edu/abs/2008ApJ...676..889O},
  adsnote = {Provided by the SAO/NASA Astrophysics Data System}
}

@article{o1995truncated,
  title={Truncated logistic regression},
  author={O'Neill, Terence J and Barry, Simon C},
  journal={Biometrics},
  pages={533--541},
  year={1995},
  publisher={JSTOR}
}

@ARTICLE{Padmanabhan2007,
   author = {{Padmanabhan}, N. and {Schlegel}, D.~J. and {Seljak}, U. and
	{Makarov}, A. and {Bahcall}, N.~A. and {Blanton}, M.~R. and
	{Brinkmann}, J. and {Eisenstein}, D.~J. and {Finkbeiner}, D.~P. and
	{Gunn}, J.~E. and {Hogg}, D.~W. and {Ivezi{\'c}}, {\v Z}. and
	{Knapp}, G.~R. and {Loveday}, J. and {Lupton}, R.~H. and {Nichol}, R.~C. and
	{Schneider}, D.~P. and {Strauss}, M.~A. and {Tegmark}, M. and
	{York}, D.~G.},
    title = "{The clustering of luminous red galaxies in the Sloan Digital Sky Survey imaging data}",
  journal = {\mnras},
   eprint = {astro-ph/0605302},
 keywords = {cosmological parameters, cosmology: observations, distance scale, large-scale structure of Universe},
     year = 2007,
    month = jul,
   volume = 378,
    pages = {852-872},
      doi = {10.1111/j.1365-2966.2007.11593.x},
   adsurl = {http://adsabs.harvard.edu/abs/2007MNRAS.378..852P},
  adsnote = {Provided by the SAO/NASA Astrophysics Data System}
}

@ARTICLE{PadmanabhanXuEisenstein2012,
   author = {{Padmanabhan}, N. and {Xu}, X. and {Eisenstein}, D.~J. and {Scalzo}, R. and
	{Cuesta}, A.~J. and {Mehta}, K.~T. and {Kazin}, E.},
    title = "{A 2 per cent distance to z = 0.35 by reconstructing baryon acoustic oscillations - I. Methods and application to the Sloan Digital Sky Survey}",
  journal = {\mnras},
archivePrefix = "arXiv",
   eprint = {1202.0090},
 keywords = {cosmological parameters, cosmology: observations, dark energy, distance scale, large-scale structure of Universe},
     year = 2012,
    month = dec,
   volume = 427,
    pages = {2132-2145},
      doi = {10.1111/j.1365-2966.2012.21888.x},
   adsurl = {http://adsabs.harvard.edu/abs/2012MNRAS.427.2132P},
  adsnote = {Provided by the SAO/NASA Astrophysics Data System}
}
@ARTICLE{PadmanabhanWhite2009,
   author = {{Padmanabhan}, N. and {White}, M.},
    title = "{Calibrating the baryon oscillation ruler for matter and halos}",
  journal = {\prd},
archivePrefix = "arXiv",
   eprint = {0906.1198},
 primaryClass = "astro-ph.CO",
 keywords = {Dark energy, Cosmology},
     year = 2009,
    month = sep,
   volume = 80,
   number = 6,
      eid = {063508},
    pages = {063508},
      doi = {10.1103/PhysRevD.80.063508},
   adsurl = {http://adsabs.harvard.edu/abs/2009PhRvD..80f3508P},
  adsnote = {Provided by the SAO/NASA Astrophysics Data System}
}


@ARTICLE{PadmanabhanWhite2008,
   author = {{Padmanabhan}, N. and {White}, M.},
    title = "{Constraining anisotropic baryon oscillations}",
  journal = {\prd},
archivePrefix = "arXiv",
   eprint = {0804.0799},
 keywords = {Cosmology, Dark energy, Observational cosmology},
     year = 2008,
    month = jun,
   volume = 77,
   number = 12,
      eid = {123540},
    pages = {123540},
      doi = {10.1103/PhysRevD.77.123540},
   adsurl = {http://adsabs.harvard.edu/abs/2008PhRvD..77l3540P},
  adsnote = {Provided by the SAO/NASA Astrophysics Data System}
}

@ARTICLE{Parkinson2012,
   author = {{Parkinson}, D. and {Riemer-S{\o}rensen}, S. and {Blake}, C. and
	{Poole}, G.~B. and {Davis}, T.~M. and {Brough}, S. and {Colless}, M. and
	{Contreras}, C. and {Couch}, W. and {Croom}, S. and {Croton}, D. and
	{Drinkwater}, M.~J. and {Forster}, K. and {Gilbank}, D. and
	{Gladders}, M. and {Glazebrook}, K. and {Jelliffe}, B. and {Jurek}, R.~J. and
	{Li}, I.-h. and {Madore}, B. and {Martin}, D.~C. and {Pimbblet}, K. and
	{Pracy}, M. and {Sharp}, R. and {Wisnioski}, E. and {Woods}, D. and
	{Wyder}, T.~K. and {Yee}, H.~K.~C.},
    title = "{The WiggleZ Dark Energy Survey: Final data release and cosmological results}",
  journal = {\prd},
archivePrefix = "arXiv",
   eprint = {1210.2130},
 keywords = {Cosmology},
     year = 2012,
    month = nov,
   volume = 86,
   number = 10,
      eid = {103518},
    pages = {103518},
      doi = {10.1103/PhysRevD.86.103518},
   adsurl = {http://adsabs.harvard.edu/abs/2012PhRvD..86j3518P},
  adsnote = {Provided by the SAO/NASA Astrophysics Data System}
}


@BOOK{Peebles1980,
   author = {{Peebles}, P.~J.~E.},
    title = "{The large-scale structure of the universe}",
 keywords = {Cosmology, Galactic Clusters, Galactic Evolution, Universe, Astronomical Models, Correlation, Mass Distribution, Particle Motion, Relativistic Theory, Statistical Distributions},
booktitle = {Research supported by the National Science Foundation.~Princeton, N.J., Princeton University Press, 1980.~435 p.},
publisher = {Princeton University Press},
     year = 1980,
   adsurl = {http://adsabs.harvard.edu/abs/1980lssu.book.....P},
  adsnote = {Provided by the SAO/NASA Astrophysics Data System}
}

@ARTICLE{Peebles1990,
   author = {{Peebles}, P.~J.~E.},
    title = "{The gravitational instability picture and the formation of the Local Group}",
  journal = {\apj},
 keywords = {Cosmology, Galactic Clusters, Galactic Evolution, Gravitational Effects, Local Group (Astronomy), Galactic Mass, Hubble Constant, Interacting Galaxies, Red Shift},
     year = 1990,
    month = oct,
   volume = 362,
    pages = {1-13},
      doi = {10.1086/169237},
   adsurl = {http://adsabs.harvard.edu/abs/1990ApJ...362....1P},
  adsnote = {Provided by the SAO/NASA Astrophysics Data System}
}



@ARTICLE{Peebles1989,
   author = {{Peebles}, P.~J.~E.},
    title = "{Tracing galaxy orbits back in time}",
  journal = {\apjl},
 keywords = {Celestial Mechanics, Galactic Clusters, Galactic Evolution, Local Group (Astronomy), Gravitational Effects, Many Body Problem, Red Shift},
     year = 1989,
    month = sep,
   volume = 344,
    pages = {L53-L56},
      doi = {10.1086/185529},
   adsurl = {http://adsabs.harvard.edu/abs/1989ApJ...344L..53P},
  adsnote = {Provided by the SAO/NASA Astrophysics Data System}
}


@ARTICLE{PeeblesRatra1988,
   author = {{Peebles}, P.~J.~E. and {Ratra}, B.},
    title = "{Cosmology with a time-variable cosmological 'constant'}",
  journal = {\apjl},
 keywords = {Astronomical Models, Cosmology, Dark Matter, Hubble Constant, Asymptotes, Curvature, Einstein Equations, Perturbation Theory, Quantum Theory},
     year = 1988,
    month = feb,
   volume = 325,
    pages = {L17-L20},
      doi = {10.1086/185100},
   adsurl = {http://adsabs.harvard.edu/abs/1988ApJ...325L..17P},
  adsnote = {Provided by the SAO/NASA Astrophysics Data System}
}
@ARTICLE{PeeblesRatra2003,
   author = {{Peebles}, P.~J. and {Ratra}, B.},
    title = "{The cosmological constant and dark energy}",
  journal = {Reviews of Modern Physics},
   eprint = {astro-ph/0207347},
 keywords = {Dark matter, Mathematical and relativistic aspects of cosmology, Surveys and tutorial papers, resource letters},
     year = 2003,
    month = apr,
   volume = 75,
    pages = {559-606},
      doi = {10.1103/RevModPhys.75.559},
   adsurl = {http://adsabs.harvard.edu/abs/2003RvMP...75..559P},
  adsnote = {Provided by the SAO/NASA Astrophysics Data System}
}


@ARTICLE{PeeblesYu1970,
   author = {{Peebles}, P.~J.~E. and {Yu}, J.~T.},
    title = "{Primeval Adiabatic Perturbation in an Expanding Universe}",
  journal = {\apj},
     year = 1970,
    month = dec,
   volume = 162,
    pages = {815},
      doi = {10.1086/150713},
   adsurl = {http://adsabs.harvard.edu/abs/1970ApJ...162..815P},
  adsnote = {Provided by the SAO/NASA Astrophysics Data System}
}

@ARTICLE{PercivalCole2007,
   author = {{Percival}, W.~J. and {Cole}, S. and {Eisenstein}, D.~J. and
	{Nichol}, R.~C. and {Peacock}, J.~A. and {Pope}, A.~C. and {Szalay}, A.~S.
	},
    title = "{Measuring the Baryon Acoustic Oscillation scale using the Sloan Digital Sky Survey and 2dF Galaxy Redshift Survey}",
  journal = {\mnras},
archivePrefix = "arXiv",
   eprint = {0705.3323},
 keywords = {cosmology: observations, distance scale, large-scale structure of Universe},
     year = 2007,
    month = nov,
   volume = 381,
    pages = {1053-1066},
      doi = {10.1111/j.1365-2966.2007.12268.x},
   adsurl = {http://adsabs.harvard.edu/abs/2007MNRAS.381.1053P},
  adsnote = {Provided by the SAO/NASA Astrophysics Data System}
}


@ARTICLE{PercivalReid2010,
   author = {{Percival}, W.~J. and {Reid}, B.~A. and {Eisenstein}, D.~J. and
	{Bahcall}, N.~A. and {Budavari}, T. and {Frieman}, J.~A. and
	{Fukugita}, M. and {Gunn}, J.~E. and {Ivezi{\'c}}, {\v Z}. and
	{Knapp}, G.~R. and {Kron}, R.~G. and {Loveday}, J. and {Lupton}, R.~H. and
	{McKay}, T.~A. and {Meiksin}, A. and {Nichol}, R.~C. and {Pope}, A.~C. and
	{Schlegel}, D.~J. and {Schneider}, D.~P. and {Spergel}, D.~N. and
	{Stoughton}, C. and {Strauss}, M.~A. and {Szalay}, A.~S. and
	{Tegmark}, M. and {Vogeley}, M.~S. and {Weinberg}, D.~H. and
	{York}, D.~G. and {Zehavi}, I.},
    title = "{Baryon acoustic oscillations in the Sloan Digital Sky Survey Data Release 7 galaxy sample}",
  journal = {\mnras},
archivePrefix = "arXiv",
   eprint = {0907.1660},
 primaryClass = "astro-ph.CO",
 keywords = {cosmology: observations, distance scale, large-scale structure of Universe},
     year = 2010,
    month = feb,
   volume = 401,
    pages = {2148-2168},
      doi = {10.1111/j.1365-2966.2009.15812.x},
   adsurl = {http://adsabs.harvard.edu/abs/2010MNRAS.401.2148P},
  adsnote = {Provided by the SAO/NASA Astrophysics Data System}
}


@ARTICLE{PercivalBaugh2001,
   author = {{Percival}, W.~J. and {Baugh}, C.~M. and {Bland-Hawthorn}, J. and
	{Bridges}, T. and {Cannon}, R. and {Cole}, S. and {Colless}, M. and
	{Collins}, C. and {Couch}, W. and {Dalton}, G. and {De Propris}, R. and
	{Driver}, S.~P. and {Efstathiou}, G. and {Ellis}, R.~S. and
	{Frenk}, C.~S. and {Glazebrook}, K. and {Jackson}, C. and {Lahav}, O. and
	{Lewis}, I. and {Lumsden}, S. and {Maddox}, S. and {Moody}, S. and
	{Norberg}, P. and {Peacock}, J.~A. and {Peterson}, B.~A. and
	{Sutherland}, W. and {Taylor}, K.},
    title = "{The 2dF Galaxy Redshift Survey: the power spectrum and the matter content of the Universe}",
  journal = {\mnras},
   eprint = {astro-ph/0105252},
 keywords = {COSMOLOGICAL PARAMETERS, LARGE-SCALE STRUCTURE OF UNIVERSE},
     year = 2001,
    month = nov,
   volume = 327,
    pages = {1297-1306},
      doi = {10.1046/j.1365-8711.2001.04827.x},
   adsurl = {http://adsabs.harvard.edu/abs/2001MNRAS.327.1297P},
  adsnote = {Provided by the SAO/NASA Astrophysics Data System}
}


@ARTICLE{PercivalNichol2007,
   author = {{Percival}, W.~J. and {Nichol}, R.~C. and {Eisenstein}, D.~J. and
	{Weinberg}, D.~H. and {Fukugita}, M. and {Pope}, A.~C. and {Schneider}, D.~P. and
	{Szalay}, A.~S. and {Vogeley}, M.~S. and {Zehavi}, I. and {Bahcall}, N.~A. and
	{Brinkmann}, J. and {Connolly}, A.~J. and {Loveday}, J. and
	{Meiksin}, A.},
    title = "{Measuring the Matter Density Using Baryon Oscillations in the SDSS}",
  journal = {\apj},
   eprint = {astro-ph/0608635},
 keywords = {Cosmology: Cosmological Parameters, Cosmology: Large-Scale Structure of Universe},
     year = 2007,
    month = mar,
   volume = 657,
    pages = {51-55},
      doi = {10.1086/510772},
   adsurl = {http://adsabs.harvard.edu/abs/2007ApJ...657...51P},
  adsnote = {Provided by the SAO/NASA Astrophysics Data System}
}

@ARTICLE{PerlmutterAldering1999,
   author = {{Perlmutter}, S. and {Aldering}, G. and {Goldhaber}, G. and
	{Knop}, R.~A. and {Nugent}, P. and {Castro}, P.~G. and {Deustua}, S. and
	{Fabbro}, S. and {Goobar}, A. and {Groom}, D.~E. and {Hook}, I.~M. and
	{Kim}, A.~G. and {Kim}, M.~Y. and {Lee}, J.~C. and {Nunes}, N.~J. and
	{Pain}, R. and {Pennypacker}, C.~R. and {Quimby}, R. and {Lidman}, C. and
	{Ellis}, R.~S. and {Irwin}, M. and {McMahon}, R.~G. and {Ruiz-Lapuente}, P. and
	{Walton}, N. and {Schaefer}, B. and {Boyle}, B.~J. and {Filippenko}, A.~V. and
	{Matheson}, T. and {Fruchter}, A.~S. and {Panagia}, N. and {Newberg}, H.~J.~M. and
	{Couch}, W.~J. and {Project}, T.~S.~C.},
    title = "{Measurements of {$\Omega$} and {$\Lambda$} from 42 High-Redshift Supernovae}",
  journal = {\apj},
   eprint = {astro-ph/9812133},
 keywords = {COSMOLOGY: OBSERVATIONS, COSMOLOGY: DISTANCE SCALE, STARS: SUPERNOVAE: GENERAL, Cosmology: Observations, Cosmology: Distance Scale, Stars: Supernovae: General},
     year = 1999,
    month = jun,
   volume = 517,
    pages = {565-586},
      doi = {10.1086/307221},
   adsurl = {http://adsabs.harvard.edu/abs/1999ApJ...517..565P},
  adsnote = {Provided by the SAO/NASA Astrophysics Data System}
}

@ARTICLE{Planck20151,
   author = {{Planck Collaboration} and {Adam}, R. and {Ade}, P.~A.~R. and
	{Aghanim}, N. and {Akrami}, Y. and {Alves}, M.~I.~R. and {Arnaud}, M. and
	{Arroja}, F. and {Aumont}, J. and {Baccigalupi}, C. and et al.},
    title = "{Planck 2015 results. I. Overview of products and scientific results}",
  journal = {ArXiv e-prints},
archivePrefix = "arXiv",
   eprint = {1502.01582},
 keywords = {Astrophysics - Cosmology and Nongalactic Astrophysics},
     year = 2015,
    month = feb,
   adsurl = {http://adsabs.harvard.edu/abs/2015arXiv150201582P},
  adsnote = {Provided by the SAO/NASA Astrophysics Data System}
}

@ARTICLE{Planck2015Parameters,
   author = {{Planck Collaboration} and {Ade}, P.~A.~R. and {Aghanim}, N. and
	{Arnaud}, M. and {Ashdown}, M. and {Aumont}, J. and {Baccigalupi}, C. and
	{Banday}, A.~J. and {Barreiro}, R.~B. and {Bartlett}, J.~G. and et al.},
    title = "{Planck 2015 results. XIII. Cosmological parameters}",
  journal = {ArXiv e-prints},
archivePrefix = "arXiv",
   eprint = {1502.01589},
 keywords = {Astrophysics - Cosmology and Nongalactic Astrophysics},
     year = 2015,
    month = feb,
   adsurl = {http://adsabs.harvard.edu/abs/2015arXiv150201589P},
  adsnote = {Provided by the SAO/NASA Astrophysics Data System}
}

@ARTICLE{Planck201416,
   author = {{Planck Collaboration} and {Ade}, P.~A.~R. and {Aghanim}, N. and
	{Armitage-Caplan}, C. and {Arnaud}, M. and {Ashdown}, M. and
	{Atrio-Barandela}, F. and {Aumont}, J. and {Baccigalupi}, C. and
	{Banday}, A.~J. and et al.},
    title = "{Planck 2013 results. XVI. Cosmological parameters}",
  journal = {\aap},
archivePrefix = "arXiv",
   eprint = {1303.5076},
 keywords = {cosmic background radiation, cosmological parameters, early Universe, inflation, primordial nucleosynthesis},
     year = 2014,
    month = nov,
   volume = 571,
      eid = {A16},
    pages = {A16},
      doi = {10.1051/0004-6361/201321591},
   adsurl = {http://adsabs.harvard.edu/abs/2014A%26A...571A..16P},
  adsnote = {Provided by the SAO/NASA Astrophysics Data System}
}


@BOOK{Press1992,
   author = {{Press}, W.~H. and {Teukolsky}, S.~A. and {Vetterling}, W.~T. and
	{Flannery}, B.~P.},
    title = "{Numerical recipes in FORTRAN. The art of scientific computing}",
booktitle = {Cambridge: University Press, |c1992, 2nd ed.},
     year = 1992,
   adsurl = {http://adsabs.harvard.edu/abs/1992nrfa.book.....P},
  adsnote = {Provided by the SAO/NASA Astrophysics Data System}
}

@ARTICLE{ProustQuintana2006,
   author = {{Proust}, D. and {Quintana}, H. and {Carrasco}, E.~R. and {Reisenegger}, A. and 
	{Slezak}, E. and {Muriel}, H. and {D{\"u}nner}, R. and {Sodr{\'e}}, Jr., L. and 
	{Drinkwater}, M.~J. and {Parker}, Q.~A. and {Ragone}, C.~J.},
    title = "{The Shapley Supercluster: the Largest Matter Concentration in the Local Universe}",
  journal = {The Messenger},
     year = 2006,
    month = jun,
   volume = 124,
    pages = {30},
   adsurl = {http://adsabs.harvard.edu/abs/2006Msngr.124...30P},
  adsnote = {Provided by the SAO/NASA Astrophysics Data System}
}



@misc{Raftery1995qthe,
  title={The Number of Iterations, Convergence Diagnostics, and Generic Metropolis algorithmsr, Practical Markov Chain Monte Carlo, WR Gilks, DJ Spiegelhalter, and S. Richardson, eds},
  author={Raftery, Adrian E and Lewis, Steven M},
  year={1995},
  publisher={Chapman and Hall, London}
}

@ARTICLE{RatcliffeShanks1998,
   author = {{Ratcliffe}, A. and {Shanks}, T. and {Parker}, Q.~A. and {Broadbent}, A. and
	{Watson}, F.~G. and {Oates}, A.~P. and {Collins}, C.~A. and
	{Fong}, R.},
    title = "{VizieR Online Data Catalog: Durham/UKST Galaxy Redshift Survey (Ratcliffe+, 1998)}",
  journal = {VizieR Online Data Catalog},
 keywords = {Galaxy catalogs, Redshifts, Radial velocities},
     year = 1998,
    month = nov,
   volume = 730,
    pages = {417},
   adsurl = {http://adsabs.harvard.edu/abs/1998yCat..73000417R},
  adsnote = {Provided by the SAO/NASA Astrophysics Data System}
}


@ARTICLE{ReidPercival2010,
   author = {{Reid}, B.~A. and {Percival}, W.~J. and {Eisenstein}, D.~J. and
	{Verde}, L. and {Spergel}, D.~N. and {Skibba}, R.~A. and {Bahcall}, N.~A. and
	{Budavari}, T. and {Frieman}, J.~A. and {Fukugita}, M. and {Gott}, J.~R. and
	{Gunn}, J.~E. and {Ivezi{\'c}}, {\v Z}. and {Knapp}, G.~R. and
	{Kron}, R.~G. and {Lupton}, R.~H. and {McKay}, T.~A. and {Meiksin}, A. and
	{Nichol}, R.~C. and {Pope}, A.~C. and {Schlegel}, D.~J. and
	{Schneider}, D.~P. and {Stoughton}, C. and {Strauss}, M.~A. and
	{Szalay}, A.~S. and {Tegmark}, M. and {Vogeley}, M.~S. and {Weinberg}, D.~H. and
	{York}, D.~G. and {Zehavi}, I.},
    title = "{Cosmological constraints from the clustering of the Sloan Digital Sky Survey DR7 luminous red galaxies}",
  journal = {\mnras},
archivePrefix = "arXiv",
   eprint = {0907.1659},
 primaryClass = "astro-ph.CO",
 keywords = {cosmology: observations, large-scale structure of Universe, galaxies: haloes, galaxies: statistics},
     year = 2010,
    month = may,
   volume = 404,
    pages = {60-85},
      doi = {10.1111/j.1365-2966.2010.16276.x},
   adsurl = {http://adsabs.harvard.edu/abs/2010MNRAS.404...60R},
  adsnote = {Provided by the SAO/NASA Astrophysics Data System}
}

@ARTICLE{ReidSamushiaWhite2012,
   author = {{Reid}, B.~A. and {Samushia}, L. and {White}, M. and {Percival}, W.~J. and
	{Manera}, M. and {Padmanabhan}, N. and {Ross}, A.~J. and {S{\'a}nchez}, A.~G. and
	{Bailey}, S. and {Bizyaev}, D. and {Bolton}, A.~S. and {Brewington}, H. and
	{Brinkmann}, J. and {Brownstein}, J.~R. and {Cuesta}, A.~J. and
	{Eisenstein}, D.~J. and {Gunn}, J.~E. and {Honscheid}, K. and
	{Malanushenko}, E. and {Malanushenko}, V. and {Maraston}, C. and
	{McBride}, C.~K. and {Muna}, D. and {Nichol}, R.~C. and {Oravetz}, D. and
	{Pan}, K. and {de Putter}, R. and {Roe}, N.~A. and {Ross}, N.~P. and
	{Schlegel}, D.~J. and {Schneider}, D.~P. and {Seo}, H.-J. and
	{Shelden}, A. and {Sheldon}, E.~S. and {Simmons}, A. and {Skibba}, R.~A. and
	{Snedden}, S. and {Swanson}, M.~E.~C. and {Thomas}, D. and {Tinker}, J. and
	{Tojeiro}, R. and {Verde}, L. and {Wake}, D.~A. and {Weaver}, B.~A. and
	{Weinberg}, D.~H. and {Zehavi}, I. and {Zhao}, G.-B.},
    title = "{The clustering of galaxies in the SDSS-III Baryon Oscillation Spectroscopic Survey: measurements of the growth of structure and expansion rate at z = 0.57 from anisotropic clustering}",
  journal = {\mnras},
archivePrefix = "arXiv",
   eprint = {1203.6641},
 keywords = {galaxies: haloes, galaxies: statistics, cosmological parameters, large-scale structure of Universe},
     year = 2012,
    month = nov,
   volume = 426,
    pages = {2719-2737},
      doi = {10.1111/j.1365-2966.2012.21779.x},
   adsurl = {http://adsabs.harvard.edu/abs/2012MNRAS.426.2719R},
  adsnote = {Provided by the SAO/NASA Astrophysics Data System}
}

@ARTICLE{ReidSpergelBode2009,
   author = {{Reid}, B.~A. and {Spergel}, D.~N. and {Bode}, P.},
    title = "{Luminous Red Galaxy Halo Density Field Reconstruction and Application to Large-scale Structure Measurements}",
  journal = {\apj},
archivePrefix = "arXiv",
   eprint = {0811.1025},
 keywords = {cosmology: observations, galaxies: elliptical and lenticular, cD, galaxies: halos, galaxies: statistics},
     year = 2009,
    month = sep,
   volume = 702,
    pages = {249-265},
      doi = {10.1088/0004-637X/702/1/249},
   adsurl = {http://adsabs.harvard.edu/abs/2009ApJ...702..249R},
  adsnote = {Provided by the SAO/NASA Astrophysics Data System}
}


@ARTICLE{RiessFilippenko1998,
   author = {{Riess}, A.~G. and {Filippenko}, A.~V. and {Challis}, P. and
	{Clocchiatti}, A. and {Diercks}, A. and {Garnavich}, P.~M. and
	{Gilliland}, R.~L. and {Hogan}, C.~J. and {Jha}, S. and {Kirshner}, R.~P. and
	{Leibundgut}, B. and {Phillips}, M.~M. and {Reiss}, D. and {Schmidt}, B.~P. and
	{Schommer}, R.~A. and {Smith}, R.~C. and {Spyromilio}, J. and
	{Stubbs}, C. and {Suntzeff}, N.~B. and {Tonry}, J.},
    title = "{Observational Evidence from Supernovae for an Accelerating Universe and a Cosmological Constant}",
  journal = {\aj},
   eprint = {astro-ph/9805201},
 keywords = {COSMOLOGY: OBSERVATIONS, STARS: SUPERNOVAE: GENERAL},
     year = 1998,
    month = sep,
   volume = 116,
    pages = {1009-1038},
      doi = {10.1086/300499},
   adsurl = {http://adsabs.harvard.edu/abs/1998AJ....116.1009R},
  adsnote = {Provided by the SAO/NASA Astrophysics Data System}
}

@ARTICLE{RiessMacri2009,
   author = {{Riess}, A.~G. and {Macri}, L. and {Casertano}, S. and {Sosey}, M. and
	{Lampeitl}, H. and {Ferguson}, H.~C. and {Filippenko}, A.~V. and
	{Jha}, S.~W. and {Li}, W. and {Chornock}, R. and {Sarkar}, D.
	},
    title = "{A Redetermination of the Hubble Constant with the Hubble Space Telescope from a Differential Distance Ladder}",
  journal = {\apj},
archivePrefix = "arXiv",
   eprint = {0905.0695},
 primaryClass = "astro-ph.CO",
 keywords = {cosmology: observations, distance scale, galaxies: distances and redshifts, supernovae: general},
     year = 2009,
    month = jul,
   volume = 699,
    pages = {539-563},
      doi = {10.1088/0004-637X/699/1/539},
   adsurl = {http://adsabs.harvard.edu/abs/2009ApJ...699..539R},
  adsnote = {Provided by the SAO/NASA Astrophysics Data System}
}


@ARTICLE{RiessStrolger2004,
   author = {{Riess}, A.~G. and {Strolger}, L.-G. and {Tonry}, J. and {Casertano}, S. and
	{Ferguson}, H.~C. and {Mobasher}, B. and {Challis}, P. and {Filippenko}, A.~V. and
	{Jha}, S. and {Li}, W. and {Chornock}, R. and {Kirshner}, R.~P. and
	{Leibundgut}, B. and {Dickinson}, M. and {Livio}, M. and {Giavalisco}, M. and
	{Steidel}, C.~C. and {Ben{\'{\i}}tez}, T. and {Tsvetanov}, Z.
	},
    title = "{Type Ia Supernova Discoveries at z {\gt} 1 from the Hubble Space Telescope: Evidence for Past Deceleration and Constraints on Dark Energy Evolution}",
  journal = {\apj},
   eprint = {astro-ph/0402512},
 keywords = {Cosmology: Observations, Cosmology: Distance Scale, Galaxies: Distances and Redshifts, Stars: Supernovae: General},
     year = 2004,
    month = jun,
   volume = 607,
    pages = {665-687},
      doi = {10.1086/383612},
   adsurl = {http://adsabs.harvard.edu/abs/2004ApJ...607..665R},
  adsnote = {Provided by the SAO/NASA Astrophysics Data System}
}

@ARTICLE{RossPercival2012,
   author = {{Ross}, A.~J. and {Percival}, W.~J. and {S{\'a}nchez}, A.~G. and
	{Samushia}, L. and {Ho}, S. and {Kazin}, E. and {Manera}, M. and
	{Reid}, B. and {White}, M. and {Tojeiro}, R. and {McBride}, C.~K. and
	{Xu}, X. and {Wake}, D.~A. and {Strauss}, M.~A. and {Montesano}, F. and
	{Swanson}, M.~E.~C. and {Bailey}, S. and {Bolton}, A.~S. and
	{Dorta}, A.~M. and {Eisenstein}, D.~J. and {Guo}, H. and {Hamilton}, J.-C. and
	{Nichol}, R.~C. and {Padmanabhan}, N. and {Prada}, F. and {Schlegel}, D.~J. and
	{Maga{\~n}a}, M.~V. and {Zehavi}, I. and {Blanton}, M. and {Bizyaev}, D. and
	{Brewington}, H. and {Cuesta}, A.~J. and {Malanushenko}, E. and
	{Malanushenko}, V. and {Oravetz}, D. and {Parejko}, J. and {Pan}, K. and
	{Schneider}, D.~P. and {Shelden}, A. and {Simmons}, A. and {Snedden}, S. and
	{Zhao}, G.-b.},
    title = "{The clustering of galaxies in the SDSS-III Baryon Oscillation Spectroscopic Survey: analysis of potential systematics}",
  journal = {\mnras},
archivePrefix = "arXiv",
   eprint = {1203.6499},
 keywords = {cosmology: observations, distance scale, large-scale structure of Universe},
     year = 2012,
    month = jul,
   volume = 424,
    pages = {564-590},
      doi = {10.1111/j.1365-2966.2012.21235.x},
   adsurl = {http://adsabs.harvard.edu/abs/2012MNRAS.424..564R},
  adsnote = {Provided by the SAO/NASA Astrophysics Data System}
}

@ARTICLE{Rubin2015,
   author = {{Rubin}, D. and {Aldering}, G. and {Barbary}, K. and {Boone}, K. and 
	{Chappell}, G. and {Currie}, M. and {Deustua}, S. and {Fagrelius}, P. and 
	{Fruchter}, A. and {Hayden}, B. and {Lidman}, C. and {Nordin}, J. and 
	{Perlmutter}, S. and {Saunders}, C. and {Sofiatti}, C. and {Supernova Cosmology Project}, T.
	},
    title = "{UNITY: Confronting Supernova Cosmology's Statistical and Systematic Uncertainties in a Unified Bayesian Framework}",
  journal = {\apj},
archivePrefix = "arXiv",
   eprint = {1507.01602},
 keywords = {dark energy, methods: statistical, supernovae: general},
     year = 2015,
    month = nov,
   volume = 813,
      eid = {137},
    pages = {137},
      doi = {10.1088/0004-637X/813/2/137},
   adsurl = {http://adsabs.harvard.edu/abs/2015ApJ...813..137R},
  adsnote = {Provided by the SAO/NASA Astrophysics Data System}
}


@ARTICLE{AlamAtaBailey2016,
   author = {{Alam}, S. and {Ata}, M. and {Bailey}, S. and {Beutler}, F. and 
	{Bizyaev}, D. and {Blazek}, J.~A. and {Bolton}, A.~S. and {Brownstein}, J.~R. and 
	{Burden}, A. and {Chuang}, C.-H. and {Comparat}, J. and {Cuesta}, A.~J. and 
	{Dawson}, K.~S. and {Eisenstein}, D.~J. and {Escoffier}, S. and 
	{Gil-Mar{\'{\i}}n}, H. and {Grieb}, J.~N. and {Hand}, N. and 
	{Ho}, S. and {Kinemuchi}, K. and {Kirkby}, D. and {Kitaura}, F. and 
	{Malanushenko}, E. and {Malanushenko}, V. and {Maraston}, C. and 
	{McBride}, C.~K. and {Nichol}, R.~C. and {Olmstead}, M.~D. and 
	{Oravetz}, D. and {Padmanabhan}, N. and {Palanque-Delabrouille}, N. and 
	{Pan}, K. and {Pellejero-Ibanez}, M. and {Percival}, W.~J. and 
	{Petitjean}, P. and {Prada}, F. and {Price-Whelan}, A.~M. and 
	{Reid}, B.~A. and {Rodr{\'{\i}}guez-Torres}, S.~A. and {Roe}, N.~A. and 
	{Ross}, A.~J. and {Ross}, N.~P. and {Rossi}, G. and {Rubi{\~n}o-Mart{\'{\i}}n}, J.~A. and 
	{S{\'a}nchez}, A.~G. and {Saito}, S. and {Salazar-Albornoz}, S. and 
	{Samushia}, L. and {Satpathy}, S. and {Sc{\'o}ccola}, C.~G. and 
	{Schlegel}, D.~J. and {Schneider}, D.~P. and {Seo}, H.-J. and 
	{Simmons}, A. and {Slosar}, A. and {Strauss}, M.~A. and {Swanson}, M.~E.~C. and 
	{Thomas}, D. and {Tinker}, J.~L. and {Tojeiro}, R. and {Vargas Maga{\~n}a}, M. and 
	{Vazquez}, J.~A. and {Verde}, L. and {Wake}, D.~A. and {Wang}, Y. and 
	{Weinberg}, D.~H. and {White}, M. and {Wood-Vasey}, W.~M. and 
	{Y{\`e}che}, C. and {Zehavi}, I. and {Zhai}, Z. and {Zhao}, G.-B.
	},
    title = "{The clustering of galaxies in the completed SDSS-III Baryon Oscillation Spectroscopic Survey: cosmological analysis of the DR12 galaxy sample}",
  journal = {ArXiv e-prints},
archivePrefix = "arXiv",
   eprint = {1607.03155},
 keywords = {Astrophysics - Cosmology and Nongalactic Astrophysics},
     year = 2016,
    month = jul,
   adsurl = {http://adsabs.harvard.edu/abs/2016arXiv160703155A},
  adsnote = {Provided by the SAO/NASA Astrophysics Data System}
}
@article{andreon2015bayesian,
  title={Bayesian Methods for the Physical Sciences},
  author={Andreon, Stefano and Weaver, Brian},
  journal={Switzerland: Springer Inetrnational Publishing},
  year={2015},
  publisher={Springer}
}
@ARTICLE{RossBeutler2016,
   author = {{Ross}, A.~J. and {Beutler}, F. and {Chuang}, C.-H. and {Pellejero-Ibanez}, M. and 
	{Seo}, H.-J. and {Vargas-Magana}, M. and {Cuesta}, A.~J. and 
	{Percival}, W.~J. and {Burden}, A. and {Sanchez}, A.~G. and 
	{Grieb}, J.~N. and {Reid}, B. and {Brownstein}, J.~R. and {Dawson}, K.~S. and 
	{Eisenstein}, D.~J. and {Ho}, S. and {Kitaura}, F.-S. and {Nichol}, R.~C. and 
	{Olmstead}, M.~D. and {Prada}, F. and {Rodriguez-Torres}, S.~A. and 
	{Saito}, S. and {Salazar-Albornoz}, S. and {Schneider}, D.~P. and 
	{Thomas}, D. and {Tinker}, J. and {Tojeiro}, R. and {Wang}, Y. and 
	{White}, M. and {Zhao}, G.-b.},
    title = "{The clustering of galaxies in the completed SDSS-III Baryon Oscillation Spectroscopic Survey: Observational systematics and baryon acoustic oscillations in the correlation function}",
  journal = {ArXiv e-prints},
archivePrefix = "arXiv",
   eprint = {1607.03145},
 keywords = {Astrophysics - Cosmology and Nongalactic Astrophysics},
     year = 2016,
    month = jul,
   adsurl = {http://adsabs.harvard.edu/abs/2016arXiv160703145R},
  adsnote = {Provided by the SAO/NASA Astrophysics Data System}
}


@ARTICLE{RydenPartridge2004,
   author = {{Ryden}, B. and {Partridge}, B.},
    title = "{Introduction to Cosmology}",
  journal = {Physics Today},
 keywords = {cosmology, educational aids, physics education, physics fundamentals, stars},
     year = 2004,
    month = oct,
   volume = 57,
   number = 10,
    pages = {77-78},
      doi = {10.1063/1.1825274},
   adsurl = {http://adsabs.harvard.edu/abs/2004PhT....57j..77R},
  adsnote = {Provided by the SAO/NASA Astrophysics Data System}
}


@ARTICLE{RydenPeterson2010,
   author = {{Ryden}, B. and {Peterson}, B.~M. and {Demianski}, M.},
    title = "{Foundations of Astrophysics}",
  journal = {American Journal of Physics},
 keywords = {cosmic acceleration, cosmology, gamma-ray bursts, physics education, Book reviews, Fundamental astronomy and astrophysics, instrumentation techniques and astronomical observations},
     year = 2010,
    month = jan,
   volume = 78,
    pages = {127-127},
      doi = {10.1119/1.3236393},
   adsurl = {http://adsabs.harvard.edu/abs/2010AmJPh..78..127R},
  adsnote = {Provided by the SAO/NASA Astrophysics Data System}
}


@ARTICLE{SamushiaPercival2012,
   author = {{Samushia}, L. and {Percival}, W.~J. and {Raccanelli}, A.},
    title = "{Interpreting large-scale redshift-space distortion measurements}",
  journal = {\mnras},
archivePrefix = "arXiv",
   eprint = {1102.1014},
 keywords = {cosmological parameters, dark energy, large-scale structure of Universe},
     year = 2012,
    month = mar,
   volume = 420,
    pages = {2102-2119},
      doi = {10.1111/j.1365-2966.2011.20169.x},
   adsurl = {http://adsabs.harvard.edu/abs/2012MNRAS.420.2102S},
  adsnote = {Provided by the SAO/NASA Astrophysics Data System}
}
@ARTICLE{SamushiaPercivalGuzzo2011,
   author = {{Samushia}, L. and {Percival}, W.~J. and {Guzzo}, L. and {Wang}, Y. and
	{Cimatti}, A. and {Baugh}, C. and {Geach}, J.~E. and {Lacey}, C. and
	{Majerotto}, E. and {Mukherjee}, P. and {Orsi}, A.},
    title = "{Effects of cosmological model assumptions on galaxy redshift survey measurements}",
  journal = {\mnras},
archivePrefix = "arXiv",
   eprint = {1006.0609},
 primaryClass = "astro-ph.CO",
 keywords = {cosmological parameters, cosmology: observations, dark energy, distance scale, large-scale structure of Universe},
     year = 2011,
    month = jan,
   volume = 410,
    pages = {1993-2002},
      doi = {10.1111/j.1365-2966.2010.17577.x},
   adsurl = {http://adsabs.harvard.edu/abs/2011MNRAS.410.1993S},
  adsnote = {Provided by the SAO/NASA Astrophysics Data System}
}


@ARTICLE{Sanchez2009,
   author = {{S{\'a}nchez}, A.~G. and {Crocce}, M. and {Cabr{\'e}}, A. and
	{Baugh}, C.~M. and {Gazta{\~n}aga}, E.},
    title = "{Cosmological parameter constraints from SDSS luminous red galaxies: a new treatment of large-scale clustering}",
  journal = {\mnras},
archivePrefix = "arXiv",
   eprint = {0901.2570},
 keywords = {cosmological parameters , large-scale structure of Universe},
     year = 2009,
    month = dec,
   volume = 400,
    pages = {1643-1664},
      doi = {10.1111/j.1365-2966.2009.15572.x},
   adsurl = {http://adsabs.harvard.edu/abs/2009MNRAS.400.1643S},
  adsnote = {Provided by the SAO/NASA Astrophysics Data System}
}
@ARTICLE{SanchezBaughAngulo2008,
   author = {{S{\'a}nchez}, A.~G. and {Baugh}, C.~M. and {Angulo}, R.~E.},
    title = "{What is the best way to measure baryonic acoustic oscillations?}",
  journal = {\mnras},
archivePrefix = "arXiv",
   eprint = {0804.0233},
 keywords = {methods: N-body simulations , theory large-scale structure of Universe},
     year = 2008,
    month = nov,
   volume = 390,
    pages = {1470-1490},
      doi = {10.1111/j.1365-2966.2008.13769.x},
   adsurl = {http://adsabs.harvard.edu/abs/2008MNRAS.390.1470S},
  adsnote = {Provided by the SAO/NASA Astrophysics Data System}
}


@ARTICLE{SanchezBaugh2006,
   author = {{S{\'a}nchez}, A.~G. and {Baugh}, C.~M. and {Percival}, W.~J. and
	{Peacock}, J.~A. and {Padilla}, N.~D. and {Cole}, S. and {Frenk}, C.~S. and
	{Norberg}, P.},
    title = "{Cosmological parameters from cosmic microwave background measurements and the final 2dF Galaxy Redshift Survey power spectrum}",
  journal = {\mnras},
   eprint = {astro-ph/0507583},
 keywords = {cosmic microwave background, cosmological parameters, large-scale structure of Universe},
     year = 2006,
    month = feb,
   volume = 366,
    pages = {189-207},
      doi = {10.1111/j.1365-2966.2005.09833.x},
   adsurl = {http://adsabs.harvard.edu/abs/2006MNRAS.366..189S},
  adsnote = {Provided by the SAO/NASA Astrophysics Data System}
}

@ARTICLE{SanchezKazinBeutler2013,
   author = {{S{\'a}nchez}, A.~G. and {Kazin}, E.~A. and {Beutler}, F. and
	{Chuang}, C.-H. and {Cuesta}, A.~J. and {Eisenstein}, D.~J. and
	{Manera}, M. and {Montesano}, F. and {Nichol}, R.~C. and {Padmanabhan}, N. and
	{Percival}, W. and {Prada}, F. and {Ross}, A.~J. and {Schlegel}, D.~J. and
	{Tinker}, J. and {Tojeiro}, R. and {Weinberg}, D.~H. and {Xu}, X. and
	{Brinkmann}, J. and {Brownstein}, J.~R. and {Schneider}, D.~P. and
	{Thomas}, D.},
    title = "{The clustering of galaxies in the SDSS-III Baryon Oscillation Spectroscopic Survey: cosmological constraints from the full shape of the clustering wedges}",
  journal = {\mnras},
archivePrefix = "arXiv",
   eprint = {1303.4396},
 keywords = {cosmological parameters, large-scale structure of Universe},
     year = 2013,
    month = aug,
   volume = 433,
    pages = {1202-1222},
      doi = {10.1093/mnras/stt799},
   adsurl = {http://adsabs.harvard.edu/abs/2013MNRAS.433.1202S},
  adsnote = {Provided by the SAO/NASA Astrophysics Data System}
}


@ARTICLE{SanchezScoccola2012,
   author = {{S{\'a}nchez}, A.~G. and {Sc{\'o}ccola}, C.~G. and {Ross}, A.~J. and
	{Percival}, W. and {Manera}, M. and {Montesano}, F. and {Mazzalay}, X. and
	{Cuesta}, A.~J. and {Eisenstein}, D.~J. and {Kazin}, E. and
	{McBride}, C.~K. and {Mehta}, K. and {Montero-Dorta}, A.~D. and
	{Padmanabhan}, N. and {Prada}, F. and {Rubi{\~n}o-Mart{\'{\i}}n}, J.~A. and
	{Tojeiro}, R. and {Xu}, X. and {Maga{\~n}a}, M.~V. and {Aubourg}, E. and
	{Bahcall}, N.~A. and {Bailey}, S. and {Bizyaev}, D. and {Bolton}, A.~S. and
	{Brewington}, H. and {Brinkmann}, J. and {Brownstein}, J.~R. and
	{Gott}, J.~R. and {Hamilton}, J.~C. and {Ho}, S. and {Honscheid}, K. and
	{Labatie}, A. and {Malanushenko}, E. and {Malanushenko}, V. and
	{Maraston}, C. and {Muna}, D. and {Nichol}, R.~C. and {Oravetz}, D. and
	{Pan}, K. and {Ross}, N.~P. and {Roe}, N.~A. and {Reid}, B.~A. and
	{Schlegel}, D.~J. and {Shelden}, A. and {Schneider}, D.~P. and
	{Simmons}, A. and {Skibba}, R. and {Snedden}, S. and {Thomas}, D. and
	{Tinker}, J. and {Wake}, D.~A. and {Weaver}, B.~A. and {Weinberg}, D.~H. and
	{White}, M. and {Zehavi}, I. and {Zhao}, G.},
    title = "{The clustering of galaxies in the SDSS-III Baryon Oscillation Spectroscopic Survey: cosmological implications of the large-scale two-point correlation function}",
  journal = {\mnras},
archivePrefix = "arXiv",
   eprint = {1203.6616},
 keywords = {cosmological parameters, large-scale structure of Universe },
     year = 2012,
    month = sep,
   volume = 425,
    pages = {415-437},
      doi = {10.1111/j.1365-2966.2012.21502.x},
   adsurl = {http://adsabs.harvard.edu/abs/2012MNRAS.425..415S},
  adsnote = {Provided by the SAO/NASA Astrophysics Data System}
}


@ARTICLE{SaundersSutherland2000,
   author = {{Saunders}, W. and {Sutherland}, W.~J. and {Maddox}, S.~J. and
	{Keeble}, O. and {Oliver}, S.~J. and {Rowan-Robinson}, M. and
	{McMahon}, R.~G. and {Efstathiou}, G.~P. and {Tadros}, H. and
	{White}, S.~D.~M. and {Frenk}, C.~S. and {Carrami{\~n}ana}, A. and
	{Hawkins}, M.~R.~S.},
    title = "{The PSCz catalogue}",
  journal = {\mnras},
   eprint = {astro-ph/0001117},
 keywords = {CATALOGUES, SURVEYS, GALAXIES: CLUSTERS: GENERAL, GALAXIES: DISTANCES AND REDSHIFTS, LARGE-SCALE STRUCTURE OF UNIVERSE},
     year = 2000,
    month = sep,
   volume = 317,
    pages = {55-63},
      doi = {10.1046/j.1365-8711.2000.03528.x},
   adsurl = {http://adsabs.harvard.edu/abs/2000MNRAS.317...55S},
  adsnote = {Provided by the SAO/NASA Astrophysics Data System}
}

@ARTICLE{Schneider1989,
   author = {{Schneider}, P.},
    title = "{The number excess of galaxies around high redshift quasars}",
  journal = {\aap},
 keywords = {Computational Astrophysics, Galaxies, Quasars, Red Shift, Astronomical Models, Astronomical Spectroscopy, Gravitational Lenses},
     year = 1989,
    month = sep,
   volume = 221,
    pages = {221-229},
   adsurl = {http://adsabs.harvard.edu/abs/1989A%26A...221..221S},
  adsnote = {Provided by the SAO/NASA Astrophysics Data System}
}

@INPROCEEDINGS{SchwarzBacon2015,
   author = {{Schwarz}, D.~J. and {Bacon}, D. and {Chen}, S. and {Clarkson}, C. and
	{Huterer}, D. and {Kunz}, M. and {Maartens}, R. and {Raccanelli}, A. and
	{Rubart}, M. and {Starck}, J.~L.},
    title = "{Testing foundations of modern cosmology with SKA all-sky surveys}",
booktitle = {Advancing Astrophysics with the Square Kilometre Array (AASKA14)},
     year = 2015,
archivePrefix = "arXiv",
   eprint = {1501.03820},
      eid = {32},
    pages = {32},
   adsurl = {http://adsabs.harvard.edu/abs/2015aska.confE..32S},
  adsnote = {Provided by the SAO/NASA Astrophysics Data System}
}



@ARTICLE{ScoccimarroSheth2002,
   author = {{Scoccimarro}, R. and {Sheth}, R.~K.},
    title = "{PTHALOS: a fast method for generating mock galaxy distributions}",
  journal = {\mnras},
   eprint = {astro-ph/0106120},
 keywords = {METHODS: NUMERICAL, LARGE-SCALE STRUCTURE OF UNIVERSE},
     year = 2002,
    month = jan,
   volume = 329,
    pages = {629-640},
      doi = {10.1046/j.1365-8711.2002.04999.x},
   adsurl = {http://adsabs.harvard.edu/abs/2002MNRAS.329..629S},
  adsnote = {Provided by the SAO/NASA Astrophysics Data System}
}

@ARTICLE{ScrimgeourDavis2012,
   author = {{Scrimgeour}, M.~I. and {Davis}, T. and {Blake}, C. and {James}, J.~B. and
	{Poole}, G.~B. and {Staveley-Smith}, L. and {Brough}, S. and
	{Colless}, M. and {Contreras}, C. and {Couch}, W. and {Croom}, S. and
	{Croton}, D. and {Drinkwater}, M.~J. and {Forster}, K. and {Gilbank}, D. and
	{Gladders}, M. and {Glazebrook}, K. and {Jelliffe}, B. and {Jurek}, R.~J. and
	{Li}, I.-h. and {Madore}, B. and {Martin}, D.~C. and {Pimbblet}, K. and
	{Pracy}, M. and {Sharp}, R. and {Wisnioski}, E. and {Woods}, D. and
	{Wyder}, T.~K. and {Yee}, H.~K.~C.},
    title = "{The WiggleZ Dark Energy Survey: the transition to large-scale cosmic homogeneity}",
  journal = {\mnras},
archivePrefix = "arXiv",
   eprint = {1205.6812},
 keywords = {surveys, galaxies: statistics, cosmology: observations, large-scale structure of Universe },
     year = 2012,
    month = sep,
   volume = 425,
    pages = {116-134},
      doi = {10.1111/j.1365-2966.2012.21402.x},
   adsurl = {http://adsabs.harvard.edu/abs/2012MNRAS.425..116S},
  adsnote = {Provided by the SAO/NASA Astrophysics Data System}
}


@ARTICLE{SeoEckelEisenstein2010,
   author = {{Seo}, H.-J. and {Eckel}, J. and {Eisenstein}, D.~J. and {Mehta}, K. and
	{Metchnik}, M. and {Padmanabhan}, N. and {Pinto}, P. and {Takahashi}, R. and
	{White}, M. and {Xu}, X.},
    title = "{High-precision Predictions for the Acoustic Scale in the Nonlinear Regime}",
  journal = {\apj},
archivePrefix = "arXiv",
   eprint = {0910.5005},
 primaryClass = "astro-ph.CO",
 keywords = {distance scale, large-scale structure of universe, methods: numerical},
     year = 2010,
    month = sep,
   volume = 720,
    pages = {1650-1667},
      doi = {10.1088/0004-637X/720/2/1650},
   adsurl = {http://adsabs.harvard.edu/abs/2010ApJ...720.1650S},
  adsnote = {Provided by the SAO/NASA Astrophysics Data System}
}


@ARTICLE{SeoEisenstein2007,
   author = {{Seo}, H.-J. and {Eisenstein}, D.~J.},
    title = "{Improved Forecasts for the Baryon Acoustic Oscillations and Cosmological Distance Scale}",
  journal = {\apj},
   eprint = {astro-ph/0701079},
 keywords = {Cosmology: Cosmic Microwave Background, Cosmology: Cosmological Parameters, Cosmology: Distance Scale, Cosmology: Large-Scale Structure of Universe},
     year = 2007,
    month = aug,
   volume = 665,
    pages = {14-24},
      doi = {10.1086/519549},
   adsurl = {http://adsabs.harvard.edu/abs/2007ApJ...665...14S},
  adsnote = {Provided by the SAO/NASA Astrophysics Data System}
}


@ARTICLE{SeoEisenstein2003,
   author = {{Seo}, H.-J. and {Eisenstein}, D.~J.},
    title = "{Probing Dark Energy with Baryonic Acoustic Oscillations from Future Large Galaxy Redshift Surveys}",
  journal = {\apj},
   eprint = {astro-ph/0307460},
 keywords = {Cosmology: Cosmological Parameters, Cosmology: Theory, Cosmology: Distance Scale, Cosmology: Large-Scale Structure of Universe, Methods: Statistical},
     year = 2003,
    month = dec,
   volume = 598,
    pages = {720-740},
      doi = {10.1086/379122},
   adsurl = {http://adsabs.harvard.edu/abs/2003ApJ...598..720S},
  adsnote = {Provided by the SAO/NASA Astrophysics Data System}
}
@ARTICLE{SeoSiegelEisenstein2008,
   author = {{Seo}, H.-J. and {Siegel}, E.~R. and {Eisenstein}, D.~J. and
	{White}, M.},
    title = "{Nonlinear Structure Formation and the Acoustic Scale}",
  journal = {\apj},
archivePrefix = "arXiv",
   eprint = {0805.0117},
 keywords = {Cosmology: Cosmological Parameters, Cosmology: Theory, Cosmology: Distance Scale, Cosmology: Large-Scale Structure of Universe, Methods: n-Body Simulations},
     year = 2008,
    month = oct,
   volume = 686,
    pages = {13-24},
      doi = {10.1086/589921},
   adsurl = {http://adsabs.harvard.edu/abs/2008ApJ...686...13S},
  adsnote = {Provided by the SAO/NASA Astrophysics Data System}
}


@ARTICLE{Smith2003,
   author = {{Smith}, R.~E. and {Peacock}, J.~A. and {Jenkins}, A. and {White}, S.~D.~M. and
	{Frenk}, C.~S. and {Pearce}, F.~R. and {Thomas}, P.~A. and {Efstathiou}, G. and
	{Couchman}, H.~M.~P.},
    title = "{Stable clustering, the halo model and non-linear cosmological power spectra}",
  journal = {\mnras},
   eprint = {astro-ph/0207664},
 keywords = {methods: N-body simulations, cosmology: theory, large-scale structure of Universe},
     year = 2003,
    month = jun,
   volume = 341,
    pages = {1311-1332},
      doi = {10.1046/j.1365-8711.2003.06503.x},
   adsurl = {http://adsabs.harvard.edu/abs/2003MNRAS.341.1311S},
  adsnote = {Provided by the SAO/NASA Astrophysics Data System}
}

@ARTICLE{SmithScoccimarroSheth2008,
   author = {{Smith}, R.~E. and {Scoccimarro}, R. and {Sheth}, R.~K.},
    title = "{Motion of the acoustic peak in the correlation function}",
  journal = {\prd},
   eprint = {astro-ph/0703620},
 keywords = {Cosmology},
     year = 2008,
    month = feb,
   volume = 77,
   number = 4,
      eid = {043525},
    pages = {043525},
      doi = {10.1103/PhysRevD.77.043525},
   adsurl = {http://adsabs.harvard.edu/abs/2008PhRvD..77d3525S},
  adsnote = {Provided by the SAO/NASA Astrophysics Data System}
}



@ARTICLE{SpergelVerde2003,
   author = {{Spergel}, D.~N. and {Verde}, L. and {Peiris}, H.~V. and {Komatsu}, E. and
	{Nolta}, M.~R. and {Bennett}, C.~L. and {Halpern}, M. and {Hinshaw}, G. and
	{Jarosik}, N. and {Kogut}, A. and {Limon}, M. and {Meyer}, S.~S. and
	{Page}, L. and {Tucker}, G.~S. and {Weiland}, J.~L. and {Wollack}, E. and
	{Wright}, E.~L.},
    title = "{First-Year Wilkinson Microwave Anisotropy Probe (WMAP) Observations: Determination of Cosmological Parameters}",
  journal = {\apjs},
   eprint = {astro-ph/0302209},
 keywords = {Cosmology: Cosmic Microwave Background, Cosmology: Cosmological Parameters- Cosmology: Observations, Cosmology: Early Universe},
     year = 2003,
    month = sep,
   volume = 148,
    pages = {175-194},
      doi = {10.1086/377226},
   adsurl = {http://adsabs.harvard.edu/abs/2003ApJS..148..175S},
  adsnote = {Provided by the SAO/NASA Astrophysics Data System}
}

@ARTICLE{SpergelBean2007,
   author = {{Spergel}, D.~N. and {Bean}, R. and {Dor{\'e}}, O. and {Nolta}, M.~R. and
	{Bennett}, C.~L. and {Dunkley}, J. and {Hinshaw}, G. and {Jarosik}, N. and
	{Komatsu}, E. and {Page}, L. and {Peiris}, H.~V. and {Verde}, L. and
	{Halpern}, M. and {Hill}, R.~S. and {Kogut}, A. and {Limon}, M. and
	{Meyer}, S.~S. and {Odegard}, N. and {Tucker}, G.~S. and {Weiland}, J.~L. and
	{Wollack}, E. and {Wright}, E.~L.},
    title = "{Three-Year Wilkinson Microwave Anisotropy Probe (WMAP) Observations: Implications for Cosmology}",
  journal = {\apjs},
   eprint = {astro-ph/0603449},
 keywords = {Cosmology: Cosmic Microwave Background, Cosmology: Observations},
     year = 2007,
    month = jun,
   volume = 170,
    pages = {377-408},
      doi = {10.1086/513700},
   adsurl = {http://adsabs.harvard.edu/abs/2007ApJS..170..377S},
  adsnote = {Provided by the SAO/NASA Astrophysics Data System}
}


@ARTICLE{SunyaevZeldovich1970,
   author = {{Sunyaev}, R.~A. and {Zeldovich}, Y.~B.},
    title = "{Small-Scale Fluctuations of Relic Radiation}",
  journal = {\apss},
     year = 1970,
    month = apr,
   volume = 7,
    pages = {3-19},
      doi = {10.1007/BF00653471},
   adsurl = {http://adsabs.harvard.edu/abs/1970Ap%26SS...7....3S},
  adsnote = {Provided by the SAO/NASA Astrophysics Data System}
}

@ARTICLE{Szapudi2004,
   author = {{Szapudi}, I.},
    title = "{Wide-Angle Redshift Distortions Revisited}",
  journal = {\apj},
   eprint = {astro-ph/0404477},
 keywords = {Cosmology: Cosmic Microwave Background, Cosmology: Theory, Methods: Statistical},
     year = 2004,
    month = oct,
   volume = 614,
    pages = {51-55},
      doi = {10.1086/423168},
   adsurl = {http://adsabs.harvard.edu/abs/2004ApJ...614...51S},
  adsnote = {Provided by the SAO/NASA Astrophysics Data System}
}


@ARTICLE{TaruyaNishimichi2009,
   author = {{Taruya}, A. and {Nishimichi}, T. and {Saito}, S. and {Hiramatsu}, T.
	},
    title = "{Nonlinear evolution of baryon acoustic oscillations from improved perturbation theory in real and redshift spaces}",
  journal = {\prd},
archivePrefix = "arXiv",
   eprint = {0906.0507},
 primaryClass = "astro-ph.CO",
 keywords = {Cosmology, Approximations and expansions, Dark energy, Superclusters, large-scale structure of the Universe},
     year = 2009,
    month = dec,
   volume = 80,
   number = 12,
      eid = {123503},
    pages = {123503},
      doi = {10.1103/PhysRevD.80.123503},
   adsurl = {http://adsabs.harvard.edu/abs/2009PhRvD..80l3503T},
  adsnote = {Provided by the SAO/NASA Astrophysics Data System}
}

@ARTICLE{TaruyaNishimichiSaito2010,
   author = {{Taruya}, A. and {Nishimichi}, T. and {Saito}, S.},
    title = "{Baryon acoustic oscillations in 2D: Modeling redshift-space power spectrum from perturbation theory}",
  journal = {\prd},
archivePrefix = "arXiv",
   eprint = {1006.0699},
 keywords = {Cosmology, Dark energy, Galaxy groups clusters and superclusters, large scale structure of the Universe},
     year = 2010,
    month = sep,
   volume = 82,
   number = 6,
      eid = {063522},
    pages = {063522},
      doi = {10.1103/PhysRevD.82.063522},
   adsurl = {http://adsabs.harvard.edu/abs/2010PhRvD..82f3522T},
  adsnote = {Provided by the SAO/NASA Astrophysics Data System}
}


@ARTICLE{Tegmark1997,
   author = {{Tegmark}, M.},
    title = "{Measuring Cosmological Parameters with Galaxy Surveys}",
  journal = {Physical Review Letters},
   eprint = {astro-ph/9706198},
     year = 1997,
    month = nov,
   volume = 79,
    pages = {3806-3809},
      doi = {10.1103/PhysRevLett.79.3806},
   adsurl = {http://adsabs.harvard.edu/abs/1997PhRvL..79.3806T},
  adsnote = {Provided by the SAO/NASA Astrophysics Data System}
}

@ARTICLE{TegmarkBlanton2004,
   author = {{Tegmark}, M. and {Blanton}, M.~R. and {Strauss}, M.~A. and
	{Hoyle}, F. and {Schlegel}, D. and {Scoccimarro}, R. and {Vogeley}, M.~S. and
	{Weinberg}, D.~H. and {Zehavi}, I. and {Berlind}, A. and {Budavari}, T. and
	{Connolly}, A. and {Eisenstein}, D.~J. and {Finkbeiner}, D. and
	{Frieman}, J.~A. and {Gunn}, J.~E. and {Hamilton}, A.~J.~S. and
	{Hui}, L. and {Jain}, B. and {Johnston}, D. and {Kent}, S. and
	{Lin}, H. and {Nakajima}, R. and {Nichol}, R.~C. and {Ostriker}, J.~P. and
	{Pope}, A. and {Scranton}, R. and {Seljak}, U. and {Sheth}, R.~K. and
	{Stebbins}, A. and {Szalay}, A.~S. and {Szapudi}, I. and {Verde}, L. and
	{Xu}, Y. and {Annis}, J. and {Bahcall}, N.~A. and {Brinkmann}, J. and
	{Burles}, S. and {Castander}, F.~J. and {Csabai}, I. and {Loveday}, J. and
	{Doi}, M. and {Fukugita}, M. and {Gott}, III, J.~R. and {Hennessy}, G. and
	{Hogg}, D.~W. and {Ivezi{\'c}}, {\v Z}. and {Knapp}, G.~R. and
	{Lamb}, D.~Q. and {Lee}, B.~C. and {Lupton}, R.~H. and {McKay}, T.~A. and
	{Kunszt}, P. and {Munn}, J.~A. and {O'Connell}, L. and {Peoples}, J. and
	{Pier}, J.~R. and {Richmond}, M. and {Rockosi}, C. and {Schneider}, D.~P. and
	{Stoughton}, C. and {Tucker}, D.~L. and {Vanden Berk}, D.~E. and
	{Yanny}, B. and {York}, D.~G. and {SDSS Collaboration}},
    title = "{The Three-Dimensional Power Spectrum of Galaxies from the Sloan Digital Sky Survey}",
  journal = {\apj},
   eprint = {astro-ph/0310725},
 keywords = {Galaxies: Statistics, Cosmology: Large-Scale Structure of Universe, Methods: Data Analysis},
     year = 2004,
    month = may,
   volume = 606,
    pages = {702-740},
      doi = {10.1086/382125},
   adsurl = {http://adsabs.harvard.edu/abs/2004ApJ...606..702T},
  adsnote = {Provided by the SAO/NASA Astrophysics Data System}
}

@ARTICLE{TojeiroPercivalWake2012,
   author = {{Tojeiro}, R. and {Percival}, W.~J. and {Wake}, D.~A. and {Maraston}, C. and
	{Skibba}, R.~A. and {Zehavi}, I. and {Ross}, A.~J. and {Brinkmann}, J. and
	{Conroy}, C. and {Guo}, H. and {Manera}, M. and {Masters}, K.~L. and
	{Pforr}, J. and {Samushia}, L. and {Schneider}, D.~P. and {Thomas}, D. and
	{Weaver}, B.~A. and {Bizyaev}, D. and {Brewington}, H. and {Malanushenko}, E. and
	{Malanushenko}, V. and {Oravetz}, D. and {Pan}, K. and {Shelden}, A. and
	{Simmons}, A. and {Snedden}, S.},
    title = "{The progenitors of present-day massive red galaxies up to z {\ap} 0.7 - finding passive galaxies using SDSS-I/II and SDSS-III}",
  journal = {\mnras},
archivePrefix = "arXiv",
   eprint = {1202.6241},
 keywords = {surveys, galaxies: evolution, cosmology: observations},
     year = 2012,
    month = jul,
   volume = 424,
    pages = {136-156},
      doi = {10.1111/j.1365-2966.2012.21177.x},
   adsurl = {http://adsabs.harvard.edu/abs/2012MNRAS.424..136T},
  adsnote = {Provided by the SAO/NASA Astrophysics Data System}
}


@ARTICLE{TurnerOstriker1984,
   author = {{Turner}, E.~L. and {Ostriker}, J.~P. and {Gott}, III, J.~R.
	},
    title = "{The statistics of gravitational lenses - The distributions of image angular separations and lens redshifts}",
  journal = {\apj},
 keywords = {Galactic Clusters, Gravitational Lenses, Quasars, Red Shift, Statistical Distributions, Astronomical Models, Elliptical Galaxies, Optical Thickness, Radio Spectra, Visible Spectrum},
     year = 1984,
    month = sep,
   volume = 284,
    pages = {1-22},
      doi = {10.1086/162379},
   adsurl = {http://adsabs.harvard.edu/abs/1984ApJ...284....1T},
  adsnote = {Provided by the SAO/NASA Astrophysics Data System}
}

@ARTICLE{Wang2006,
   author = {{Wang}, Y.},
    title = "{Dark Energy Constraints from Baryon Acoustic Oscillations}",
  journal = {\apj},
   eprint = {astro-ph/0601163},
 keywords = {Cosmology: Theory},
     year = 2006,
    month = aug,
   volume = 647,
    pages = {1-7},
      doi = {10.1086/505384},
   adsurl = {http://adsabs.harvard.edu/abs/2006ApJ...647....1W},
  adsnote = {Provided by the SAO/NASA Astrophysics Data System}
}

@ARTICLE{WangPercival2010,
   author = {{Wang}, Y. and {Percival}, W. and {Cimatti}, A. and {Mukherjee}, P. and
	{Guzzo}, L. and {Baugh}, C.~M. and {Carbone}, C. and {Franzetti}, P. and
	{Garilli}, B. and {Geach}, J.~E. and {Lacey}, C.~G. and {Majerotto}, E. and
	{Orsi}, A. and {Rosati}, P. and {Samushia}, L. and {Zamorani}, G.
	},
    title = "{Designing a space-based galaxy redshift survey to probe dark energy}",
  journal = {\mnras},
archivePrefix = "arXiv",
   eprint = {1006.3517},
 keywords = {cosmology: observations, distance scale, large-scale structure of Universe},
     year = 2010,
    month = dec,
   volume = 409,
    pages = {737-749},
      doi = {10.1111/j.1365-2966.2010.17335.x},
   adsurl = {http://adsabs.harvard.edu/abs/2010MNRAS.409..737W},
  adsnote = {Provided by the SAO/NASA Astrophysics Data System}
}

@ARTICLE{WebsterHewett1988,
   author = {{Webster}, R.~L. and {Hewett}, P.~C. and {Harding}, M.~E. and
	{Wegner}, G.~A.},
    title = "{Detection of statistical gravitational lensing by foreground mass distributions}",
  journal = {\nat},
 keywords = {Gravitational Lenses, Luminosity, Mass Distribution, Faint Objects, Quasars, Red Shift, Statistical Distributions},
     year = 1988,
    month = nov,
   volume = 336,
    pages = {358},
      doi = {10.1038/336358a0},
   adsurl = {http://adsabs.harvard.edu/abs/1988Natur.336..358W},
  adsnote = {Provided by the SAO/NASA Astrophysics Data System}
}


@ARTICLE{WeinbergMortonson2013,
   author = {{Weinberg}, D.~H. and {Mortonson}, M.~J. and {Eisenstein}, D.~J. and
	{Hirata}, C. and {Riess}, A.~G. and {Rozo}, E.},
    title = "{Observational probes of cosmic acceleration}",
  journal = {\physrep},
archivePrefix = "arXiv",
   eprint = {1201.2434},
     year = 2013,
    month = sep,
   volume = 530,
    pages = {87-255},
      doi = {10.1016/j.physrep.2013.05.001},
   adsurl = {http://adsabs.harvard.edu/abs/2013PhR...530...87W},
  adsnote = {Provided by the SAO/NASA Astrophysics Data System}
}


@ARTICLE{WhiteBlantonBolton2011,
   author = {{White}, M. and {Blanton}, M. and {Bolton}, A. and {Schlegel}, D. and
	{Tinker}, J. and {Berlind}, A. and {da Costa}, L. and {Kazin}, E. and
	{Lin}, Y.-T. and {Maia}, M. and {McBride}, C.~K. and {Padmanabhan}, N. and
	{Parejko}, J. and {Percival}, W. and {Prada}, F. and {Ramos}, B. and
	{Sheldon}, E. and {de Simoni}, F. and {Skibba}, R. and {Thomas}, D. and
	{Wake}, D. and {Zehavi}, I. and {Zheng}, Z. and {Nichol}, R. and
	{Schneider}, D.~P. and {Strauss}, M.~A. and {Weaver}, B.~A. and
	{Weinberg}, D.~H.},
    title = "{The Clustering of Massive Galaxies at z \~{} 0.5 from the First Semester of BOSS Data}",
  journal = {\apj},
archivePrefix = "arXiv",
   eprint = {1010.4915},
 keywords = {large-scale structure of universe},
     year = 2011,
    month = feb,
   volume = 728,
      eid = {126},
    pages = {126},
      doi = {10.1088/0004-637X/728/2/126},
   adsurl = {http://adsabs.harvard.edu/abs/2011ApJ...728..126W},
  adsnote = {Provided by the SAO/NASA Astrophysics Data System}
}


@ARTICLE{WittmanTyson2000,
   author = {{Wittman}, D.~M. and {Tyson}, J.~A. and {Kirkman}, D. and {Dell'Antonio}, I. and
	{Bernstein}, G.},
    title = "{Detection of weak gravitational lensing distortions of distant galaxies by cosmic dark matter at large scales}",
  journal = {\nat},
   eprint = {astro-ph/0003014},
     year = 2000,
    month = may,
   volume = 405,
    pages = {143-148},
   adsurl = {http://adsabs.harvard.edu/abs/2000Natur.405..143W},
  adsnote = {Provided by the SAO/NASA Astrophysics Data System}
}

@article{woodroofe1985estimating,
  title={Estimating a distribution function with truncated data},
  author={Woodroofe, Michael},
  journal={The Annals of Statistics},
  pages={163--177},
  year={1985},
  publisher={JSTOR}
}
@ARTICLE{VanWaerbeke2000,
   author = {{Van Waerbeke}, L. and {Mellier}, Y. and {Erben}, T. and {Cuillandre}, J.~C. and
	{Bernardeau}, F. and {Maoli}, R. and {Bertin}, E. and {McCracken}, H.~J. and
	{Le F{\`e}vre}, O. and {Fort}, B. and {Dantel-Fort}, M. and
	{Jain}, B. and {Schneider}, P.},
    title = "{Detection of correlated galaxy ellipticities from CFHT data: first evidence for gravitational lensing by large-scale structures}",
  journal = {\aap},
   eprint = {astro-ph/0002500},
 keywords = {COSMOLOGY: THEORY, COSMOLOGY: DARK MATTER, COSMOLOGY: GRAVITATIONAL LENSING, COSMOLOGY: LARGE-SCALE STRUCTURE OF UNIVERSE},
     year = 2000,
    month = jun,
   volume = 358,
    pages = {30-44},
   adsurl = {http://adsabs.harvard.edu/abs/2000A%26A...358...30V},
  adsnote = {Provided by the SAO/NASA Astrophysics Data System}
}

@ARTICLE{VeropalumboMarulliMoscardini2014,
   author = {{Veropalumbo}, A. and {Marulli}, F. and {Moscardini}, L. and
	{Moresco}, M. and {Cimatti}, A.},
    title = "{An improved measurement of baryon acoustic oscillations from the correlation function of galaxy clusters at z {\tilde} 0.3}",
  journal = {\mnras},
archivePrefix = "arXiv",
   eprint = {1311.5895},
 keywords = {cosmological parameters, cosmology: observations, large-scale structure of Universe},
     year = 2014,
    month = aug,
   volume = 442,
    pages = {3275-3283},
      doi = {10.1093/mnras/stu1050},
   adsurl = {http://adsabs.harvard.edu/abs/2014MNRAS.442.3275V},
  adsnote = {Provided by the SAO/NASA Astrophysics Data System}
}


@ARTICLE{Vishniac1983,
   author = {{Vishniac}, E.~T.},
    title = "{Why weakly non-linear effects are small in a zero-pressure cosmology}",
  journal = {\mnras},
 keywords = {Astronomical Models, Cosmology, Gravitational Effects, Nonlinear Equations, Perturbation Theory, Space Density, Galactic Evolution, Newton Theory, Pressure Effects, Vacuum Effects},
     year = 1983,
    month = apr,
   volume = 203,
    pages = {345-349},
   adsurl = {http://adsabs.harvard.edu/abs/1983MNRAS.203..345V},
  adsnote = {Provided by the SAO/NASA Astrophysics Data System}
}

@ARTICLE{XuPadmanabhan2012,
   author = {{Xu}, X. and {Padmanabhan}, N. and {Eisenstein}, D.~J. and {Mehta}, K.~T. and
	{Cuesta}, A.~J.},
    title = "{A 2 per cent distance to z = 0.35 by reconstructing baryon acoustic oscillations - II. Fitting techniques}",
  journal = {\mnras},
archivePrefix = "arXiv",
   eprint = {1202.0091},
 keywords = {cosmological parameters, cosmology: observations, cosmology: theory, distance scale, large-scale structure of Universe},
     year = 2012,
    month = dec,
   volume = 427,
    pages = {2146-2167},
      doi = {10.1111/j.1365-2966.2012.21573.x},
   adsurl = {http://adsabs.harvard.edu/abs/2012MNRAS.427.2146X},
  adsnote = {Provided by the SAO/NASA Astrophysics Data System}
}

@ARTICLE{XuCuesta2013,
   author = {{Xu}, X. and {Cuesta}, A.~J. and {Padmanabhan}, N. and {Eisenstein}, D.~J. and
	{McBride}, C.~K.},
    title = "{Measuring D$_{A}$ and H at z=0.35 from the SDSS DR7 LRGs using baryon acoustic oscillations}",
  journal = {\mnras},
archivePrefix = "arXiv",
   eprint = {1206.6732},
 keywords = {cosmological parameters, cosmology: observations, cosmology: theory, dark energy, distance scale, large-scale structure of Universe},
     year = 2013,
    month = may,
   volume = 431,
    pages = {2834-2860},
      doi = {10.1093/mnras/stt379},
   adsurl = {http://adsabs.harvard.edu/abs/2013MNRAS.431.2834X},
  adsnote = {Provided by the SAO/NASA Astrophysics Data System}
}


@ARTICLE{XuWhite2010,
   author = {{Xu}, X. and {White}, M. and {Padmanabhan}, N. and {Eisenstein}, D.~J. and
	{Eckel}, J. and {Mehta}, K. and {Metchnik}, M. and {Pinto}, P. and
	{Seo}, H.-J.},
    title = "{A New Statistic for Analyzing Baryon Acoustic Oscillations}",
  journal = {\apj},
archivePrefix = "arXiv",
   eprint = {1001.2324},
 keywords = {cosmological parameters, cosmology: theory, distance scale, large-scale structure of universe},
     year = 2010,
    month = aug,
   volume = 718,
    pages = {1224-1234},
      doi = {10.1088/0004-637X/718/2/1224},
   adsurl = {http://adsabs.harvard.edu/abs/2010ApJ...718.1224X},
  adsnote = {Provided by the SAO/NASA Astrophysics Data System}
}

@ARTICLE{YorkAdelmanAnderson2000,
   author = {{York}, D.~G. and {Adelman}, J. and {Anderson}, Jr., J.~E. and
	{Anderson}, S.~F. and {Annis}, J. and {Bahcall}, N.~A. and {Bakken}, J.~A. and
	{Barkhouser}, R. and {Bastian}, S. and {Berman}, E. and {Boroski}, W.~N. and
	{Bracker}, S. and {Briegel}, C. and {Briggs}, J.~W. and {Brinkmann}, J. and
	{Brunner}, R. and {Burles}, S. and {Carey}, L. and {Carr}, M.~A. and
	{Castander}, F.~J. and {Chen}, B. and {Colestock}, P.~L. and
	{Connolly}, A.~J. and {Crocker}, J.~H. and {Csabai}, I. and
	{Czarapata}, P.~C. and {Davis}, J.~E. and {Doi}, M. and {Dombeck}, T. and
	{Eisenstein}, D. and {Ellman}, N. and {Elms}, B.~R. and {Evans}, M.~L. and
	{Fan}, X. and {Federwitz}, G.~R. and {Fiscelli}, L. and {Friedman}, S. and
	{Frieman}, J.~A. and {Fukugita}, M. and {Gillespie}, B. and
	{Gunn}, J.~E. and {Gurbani}, V.~K. and {de Haas}, E. and {Haldeman}, M. and
	{Harris}, F.~H. and {Hayes}, J. and {Heckman}, T.~M. and {Hennessy}, G.~S. and
	{Hindsley}, R.~B. and {Holm}, S. and {Holmgren}, D.~J. and {Huang}, C.-h. and
	{Hull}, C. and {Husby}, D. and {Ichikawa}, S.-I. and {Ichikawa}, T. and
	{Ivezi{\'c}}, {\v Z}. and {Kent}, S. and {Kim}, R.~S.~J. and
	{Kinney}, E. and {Klaene}, M. and {Kleinman}, A.~N. and {Kleinman}, S. and
	{Knapp}, G.~R. and {Korienek}, J. and {Kron}, R.~G. and {Kunszt}, P.~Z. and
	{Lamb}, D.~Q. and {Lee}, B. and {Leger}, R.~F. and {Limmongkol}, S. and
	{Lindenmeyer}, C. and {Long}, D.~C. and {Loomis}, C. and {Loveday}, J. and
	{Lucinio}, R. and {Lupton}, R.~H. and {MacKinnon}, B. and {Mannery}, E.~J. and
	{Mantsch}, P.~M. and {Margon}, B. and {McGehee}, P. and {McKay}, T.~A. and
	{Meiksin}, A. and {Merelli}, A. and {Monet}, D.~G. and {Munn}, J.~A. and
	{Narayanan}, V.~K. and {Nash}, T. and {Neilsen}, E. and {Neswold}, R. and
	{Newberg}, H.~J. and {Nichol}, R.~C. and {Nicinski}, T. and
	{Nonino}, M. and {Okada}, N. and {Okamura}, S. and {Ostriker}, J.~P. and
	{Owen}, R. and {Pauls}, A.~G. and {Peoples}, J. and {Peterson}, R.~L. and
	{Petravick}, D. and {Pier}, J.~R. and {Pope}, A. and {Pordes}, R. and
	{Prosapio}, A. and {Rechenmacher}, R. and {Quinn}, T.~R. and
	{Richards}, G.~T. and {Richmond}, M.~W. and {Rivetta}, C.~H. and
	{Rockosi}, C.~M. and {Ruthmansdorfer}, K. and {Sandford}, D. and
	{Schlegel}, D.~J. and {Schneider}, D.~P. and {Sekiguchi}, M. and
	{Sergey}, G. and {Shimasaku}, K. and {Siegmund}, W.~A. and {Smee}, S. and
	{Smith}, J.~A. and {Snedden}, S. and {Stone}, R. and {Stoughton}, C. and
	{Strauss}, M.~A. and {Stubbs}, C. and {SubbaRao}, M. and {Szalay}, A.~S. and
	{Szapudi}, I. and {Szokoly}, G.~P. and {Thakar}, A.~R. and {Tremonti}, C. and
	{Tucker}, D.~L. and {Uomoto}, A. and {Vanden Berk}, D. and {Vogeley}, M.~S. and
	{Waddell}, P. and {Wang}, S.-i. and {Watanabe}, M. and {Weinberg}, D.~H. and
	{Yanny}, B. and {Yasuda}, N. and {SDSS Collaboration}},
    title = "{The Sloan Digital Sky Survey: Technical Summary}",
  journal = {\aj},
   eprint = {astro-ph/0006396},
 keywords = {Cosmology: Observations, Instrumentation: Miscellaneous},
     year = 2000,
    month = sep,
   volume = 120,
    pages = {1579-1587},
      doi = {10.1086/301513},
   adsurl = {http://adsabs.harvard.edu/abs/2000AJ....120.1579Y},
  adsnote = {Provided by the SAO/NASA Astrophysics Data System}
}



@ARTICLE{ZhengCoilZehavi2007,
   author = {{Zheng}, Z. and {Coil}, A.~L. and {Zehavi}, I.},
    title = "{Galaxy Evolution from Halo Occupation Distribution Modeling of DEEP2 and SDSS Galaxy Clustering}",
  journal = {\apj},
   eprint = {astro-ph/0703457},
 keywords = {Cosmology: Observations, Galaxies: Distances and Redshifts, Galaxies: Evolution, Galaxies: Halos, Galaxies: Statistics, Cosmology: Large-Scale Structure of Universe},
     year = 2007,
    month = oct,
   volume = 667,
    pages = {760-779},
      doi = {10.1086/521074},
   adsurl = {http://adsabs.harvard.edu/abs/2007ApJ...667..760Z},
  adsnote = {Provided by the SAO/NASA Astrophysics Data System}
}
